<?xml version="1.0" encoding="UTF-8"?>
<!DOCTYPE html PUBLIC "-//W3C//DTD XHTML 1.0 Transitional//EN"
    "http://www.w3.org/TR/xhtml1/DTD/xhtml1-transitional.dtd">
<html xmlns="http://www.w3.org/1999/xhtml" xml:lang="en" lang="en">
 <head>
  <title>
</title>
<meta http-equiv="Content-Type" content="text/html;charset=utf-8" />
  <meta name='ocr-system' content='tesseract 3.04.00' />
  <meta name='ocr-capabilities' content='ocr_page ocr_carea ocr_par ocr_line ocrx_word'/>
</head>
<body>
  <div class='ocr_page' id='page_1' title='image "./4630380_0022.png"; bbox 0 0 2086 3375; ppageno 0'>
   <div class='ocr_carea' id='block_1_1' title="bbox 277 370 1834 2460">
    <p class='ocr_par' dir='ltr' id='par_1_1' title="bbox 278 370 1834 905">
     <span class='ocr_line' id='line_1_1' title="bbox 280 370 1831 426; baseline 0 -15"><span class='ocrx_word' id='word_1_1' title='bbox 280 375 407 416; x_wconf 82' lang='grc' dir='ltr'>ἐστι,</span> <span class='ocrx_word' id='word_1_2' title='bbox 436 377 599 421; x_wconf 86' lang='grc' dir='ltr'><strong>πάντες</strong></span> <span class='ocrx_word' id='word_1_3' title='bbox 629 372 865 426; x_wconf 59' lang='grc' dir='ltr'><strong>ἄνθρωποι,</strong></span> <span class='ocrx_word' id='word_1_4' title='bbox 928 371 978 412; x_wconf 92' lang='lat' dir='ltr'>In</span> <span class='ocrx_word' id='word_1_5' title='bbox 1010 386 1092 426; x_wconf 90' lang='lat' dir='ltr'>quo</span> <span class='ocrx_word' id='word_1_6' title='bbox 1123 379 1261 413; x_wconf 85' lang='lat' dir='ltr'>tamen</span> <span class='ocrx_word' id='word_1_7' title='bbox 1289 372 1323 413; x_wconf 88' lang='lat' dir='ltr'>ei</span> <span class='ocrx_word' id='word_1_8' title='bbox 1363 387 1447 413; x_wconf 90' lang='lat' dir='ltr'>non</span> <span class='ocrx_word' id='word_1_9' title='bbox 1478 372 1689 424; x_wconf 85' lang='lat' dir='ltr'>assentior,</span> <span class='ocrx_word' id='word_1_10' title='bbox 1721 370 1831 426; x_wconf 90' lang='lat' dir='ltr'>quod</span> 
     </span>
     <span class='ocr_line' id='line_1_2' title="bbox 280 439 1833 498; baseline 0.001 -19"><span class='ocrx_word' id='word_1_11' title='bbox 280 439 429 480; x_wconf 83' lang='lat' dir='ltr'>omissa</span> <span class='ocrx_word' id='word_1_12' title='bbox 469 440 580 481; x_wconf 84' lang='lat' dir='ltr'>vocis</span> <span class='ocrx_word' id='word_1_13' title='bbox 627 439 754 496; x_wconf 85' lang='lat' dir='ltr'>ipsius</span> <span class='ocrx_word' id='word_1_14' title='bbox 796 439 1042 482; x_wconf 84' lang='lat' dir='ltr'>formatione</span> <span class='ocrx_word' id='word_1_15' title='bbox 1090 439 1231 497; x_wconf 89' lang='lat' dir='ltr'>inepta</span> <span class='ocrx_word' id='word_1_16' title='bbox 1278 441 1381 483; x_wconf 85' lang='lat' dir='ltr'>haec</span> <span class='ocrx_word' id='word_1_17' title='bbox 1424 440 1707 498; x_wconf 81' lang='lat' dir='ltr'>interpretatio</span> <span class='ocrx_word' id='word_1_18' title='bbox 1749 454 1833 481; x_wconf 91' lang='lat' dir='ltr'>non</span> 
     </span>
     <span class='ocr_line' id='line_1_3' title="bbox 280 507 1834 564; baseline 0 -16"><span class='ocrx_word' id='word_1_19' title='bbox 280 507 445 549; x_wconf 86' lang='lat' dir='ltr'>videtur</span> <span class='ocrx_word' id='word_1_20' title='bbox 475 508 702 564; x_wconf 87' lang='lat' dir='ltr'>probanda.</span> <span class='ocrx_word' id='word_1_21' title='bbox 758 508 1009 551; x_wconf 82' lang='lat' dir='ltr'>Scholiastes</span> <span class='ocrx_word' id='word_1_22' title='bbox 1041 510 1151 550; x_wconf 88' lang='lat' dir='ltr'>enim</span> <span class='ocrx_word' id='word_1_23' title='bbox 1183 524 1313 564; x_wconf 90' lang='lat' dir='ltr'>quum</span> <span class='ocrx_word' id='word_1_24' title='bbox 1344 511 1591 564; x_wconf 85' lang='lat' dir='ltr'>vocabulum</span> <span class='ocrx_word' id='word_1_25' title='bbox 1622 509 1674 550; x_wconf 87' lang='lat' dir='ltr'>ad</span> <span class='ocrx_word' id='word_1_26' title='bbox 1708 510 1834 563; x_wconf 80' lang='grc' dir='ltr'><strong><em>νόμον</em></strong></span> 
     </span>
     <span class='ocr_line' id='line_1_4' title="bbox 281 576 1829 637; baseline 0.002 -21"><span class='ocrx_word' id='word_1_27' title='bbox 281 576 433 617; x_wconf 79' lang='lat' dir='ltr'>referat</span> <span class='ocrx_word' id='word_1_28' title='bbox 469 576 647 637; x_wconf 22' lang='lat' dir='ltr'>—aedicit</span> <span class='ocrx_word' id='word_1_29' title='bbox 686 576 795 618; x_wconf 82' lang='lat' dir='ltr'>enim</span> <span class='ocrx_word' id='word_1_30' title='bbox 836 580 858 619; x_wconf 89' lang='grc' dir='ltr'>ὁ</span> <span class='ocrx_word' id='word_1_31' title='bbox 901 578 1018 619; x_wconf 85' lang='grc' dir='ltr'><strong><em>κατὰ</em></strong></span> <span class='ocrx_word' id='word_1_32' title='bbox 1059 585 1212 619; x_wconf 85' lang='grc' dir='ltr'><strong><em>πᾶσαν</em></strong></span> <span class='ocrx_word' id='word_1_33' title='bbox 1254 579 1387 620; x_wconf 83' lang='grc' dir='ltr'>πόλιν</span> <span class='ocrx_word' id='word_1_34' title='bbox 1431 578 1568 634; x_wconf 75' lang='grc' dir='ltr'><em>’ἑρπων</em></span> <span class='ocrx_word' id='word_1_35' title='bbox 1613 579 1738 633; x_wconf 82' lang='grc' dir='ltr'><strong><em>νόμος</em></strong></span> <span class='ocrx_word' id='word_1_36' title='bbox 1781 602 1829 607; x_wconf 87' lang='lat'>-—</span> 
     </span>
     <span class='ocr_line' id='line_1_5' title="bbox 280 644 1833 702; baseline 0.001 -19"><span class='ocrx_word' id='word_1_37' title='bbox 280 644 408 684; x_wconf 85' lang='lat' dir='ltr'>verba</span> <span class='ocrx_word' id='word_1_38' title='bbox 439 644 578 699; x_wconf 83' lang='lat' dir='ltr'>qualia</span> <span class='ocrx_word' id='word_1_39' title='bbox 607 646 649 685; x_wconf 89' lang='lat' dir='ltr'>in</span> <span class='ocrx_word' id='word_1_40' title='bbox 683 652 800 687; x_wconf 82' lang='lat' dir='ltr'>textu</span> <span class='ocrx_word' id='word_1_41' title='bbox 829 647 1041 701; x_wconf 87' lang='lat' dir='ltr'>leguntur,</span> <span class='ocrx_word' id='word_1_42' title='bbox 1072 661 1154 686; x_wconf 92' lang='lat' dir='ltr'>non</span> <span class='ocrx_word' id='word_1_43' title='bbox 1185 645 1283 686; x_wconf 83' lang='lat' dir='ltr'>satis</span> <span class='ocrx_word' id='word_1_44' title='bbox 1312 646 1542 702; x_wconf 78' lang='lat' dir='ltr'><strong>respexisse</strong></span> <span class='ocrx_word' id='word_1_45' title='bbox 1572 646 1736 687; x_wconf 81' lang='lat' dir='ltr'>videtur</span> <span class='ocrx_word' id='word_1_46' title='bbox 1763 651 1833 684; x_wconf 81' lang='lat' dir='ltr'>aut</span> 
     </span>
     <span class='ocr_line' id='line_1_6' title="bbox 278 711 1829 770; baseline 0.002 -18"><span class='ocrx_word' id='word_1_47' title='bbox 278 711 655 769; x_wconf 80' lang='lat' dir='ltr'>interpunctionem</span> <span class='ocrx_word' id='word_1_48' title='bbox 685 717 884 756; x_wconf 84' lang='lat' dir='ltr'>maiorem</span> <span class='ocrx_word' id='word_1_49' title='bbox 914 722 1010 757; x_wconf 86' lang='lat' dir='ltr'>ante</span> <span class='ocrx_word' id='word_1_50' title='bbox 1039 715 1162 756; x_wconf 80' lang='grc' dir='ltr'>οὐδὲν</span> <span class='ocrx_word' id='word_1_51' title='bbox 1186 714 1362 769; x_wconf 76' lang='lat' dir='ltr'>positam</span> <span class='ocrx_word' id='word_1_52' title='bbox 1384 730 1552 770; x_wconf 89' lang='lat' dir='ltr'>prorsus</span> <span class='ocrx_word' id='word_1_53' title='bbox 1584 714 1829 769; x_wconf 80' lang='lat' dir='ltr'>neglexisse.</span> 
     </span>
     <span class='ocr_line' id='line_1_7' title="bbox 280 780 1833 837; baseline -0.001 -17"><span class='ocrx_word' id='word_1_54' title='bbox 280 780 475 822; x_wconf 85' lang='lat' dir='ltr'>Fortasse</span> <span class='ocrx_word' id='word_1_55' title='bbox 506 782 548 822; x_wconf 90' lang='lat' dir='ltr'>in</span> <span class='ocrx_word' id='word_1_56' title='bbox 577 782 695 833; x_wconf 82' lang='lat' dir='ltr'>libro,</span> <span class='ocrx_word' id='word_1_57' title='bbox 735 797 817 836; x_wconf 92' lang='lat' dir='ltr'>quo</span> <span class='ocrx_word' id='word_1_58' title='bbox 849 783 1042 823; x_wconf 86' lang='lat' dir='ltr'>utebatur</span> <span class='ocrx_word' id='word_1_59' title='bbox 1079 782 1331 833; x_wconf 71' lang='lat' dir='ltr'>scholiastes,</span> <span class='ocrx_word' id='word_1_60' title='bbox 1371 782 1452 823; x_wconf 87' lang='lat' dir='ltr'>alio</span> <span class='ocrx_word' id='word_1_61' title='bbox 1490 783 1579 823; x_wconf 90' lang='lat' dir='ltr'>loco</span> <span class='ocrx_word' id='word_1_62' title='bbox 1618 781 1833 837; x_wconf 84' lang='lat' dir='ltr'>legebatur</span> 
     </span>
     <span class='ocr_line' id='line_1_8' title="bbox 281 848 1573 905; baseline 0.001 -16"><span class='ocrx_word' id='word_1_63' title='bbox 281 855 352 890; x_wconf 81' lang='lat' dir='ltr'>aut</span> <span class='ocrx_word' id='word_1_64' title='bbox 383 848 715 905; x_wconf 77' lang='lat' dir='ltr'>interpunctione</span> <span class='ocrx_word' id='word_1_65' title='bbox 750 851 939 904; x_wconf 76' lang='lat' dir='ltr'>neglecta</span> <span class='ocrx_word' id='word_1_66' title='bbox 970 850 1028 890; x_wconf 88' lang='lat' dir='ltr'>sic</span> <span class='ocrx_word' id='word_1_67' title='bbox 1058 850 1171 891; x_wconf 86' lang='lat' dir='ltr'>locus</span> <span class='ocrx_word' id='word_1_68' title='bbox 1204 850 1279 891; x_wconf 78' lang='lat' dir='ltr'>suit</span> <span class='ocrx_word' id='word_1_69' title='bbox 1310 851 1573 891; x_wconf 87' lang='lat' dir='ltr'>constitutus:</span> 
     </span>
    </p>

    <p class='ocr_par' dir='ltr' id='par_1_2' title="bbox 394 907 958 974">
     <span class='ocr_line' id='line_1_9' title="bbox 394 907 958 974; baseline 0.002 -17"><span class='ocrx_word' id='word_1_70' title='bbox 394 919 464 958; x_wconf 83' lang='grc' dir='ltr'>καὶ</span> <span class='ocrx_word' id='word_1_71' title='bbox 496 919 549 959; x_wconf 87' lang='grc' dir='ltr'>τὸ</span> <span class='ocrx_word' id='word_1_72' title='bbox 581 907 685 974; x_wconf 68' lang='grc' dir='ltr'>πρὶν</span> <span class='ocrx_word' id='word_1_73' title='bbox 717 921 958 974; x_wconf 80' lang='grc' dir='ltr'><strong><em>ἐπικρατεὶ</em></strong></span> 
     </span>
    </p>

    <p class='ocr_par' dir='ltr' id='par_1_3' title="bbox 397 986 942 1039">
     <span class='ocr_line' id='line_1_10' title="bbox 397 986 942 1039; baseline 0 -13"><span class='ocrx_word' id='word_1_74' title='bbox 397 989 520 1039; x_wconf 78' lang='grc' dir='ltr'><em>νόμος</em></span> <span class='ocrx_word' id='word_1_75' title='bbox 552 988 613 1026; x_wconf 77' lang='grc' dir='ltr'>ὁδ’</span> <span class='ocrx_word' id='word_1_76' title='bbox 646 989 768 1026; x_wconf 78' lang='grc' dir='ltr'><em>οὐδὲν</em></span> <span class='ocrx_word' id='word_1_77' title='bbox 799 986 942 1039; x_wconf 80' lang='grc' dir='ltr'><em>ἕρπων</em></span> 
     </span>
    </p>

    <p class='ocr_par' dir='ltr' id='par_1_4' title="bbox 396 1054 1313 1110">
     <span class='ocr_line' id='line_1_11' title="bbox 396 1054 1313 1110; baseline 0.003 -17"><span class='ocrx_word' id='word_1_78' title='bbox 396 1057 576 1095; x_wconf 58' lang='grc' dir='ltr'><em>ᾒνατών</em></span> <span class='ocrx_word' id='word_1_79' title='bbox 609 1054 738 1110; x_wconf 80' lang='grc' dir='ltr'><strong><em>βιότῳ</em></strong></span> <span class='ocrx_word' id='word_1_80' title='bbox 769 1058 992 1110; x_wconf 68' lang='grc' dir='ltr'><em>πάμπολις</em></span> <span class='ocrx_word' id='word_1_81' title='bbox 1023 1057 1158 1105; x_wconf 80' lang='grc' dir='ltr'><strong>ἐκτὸς</strong></span> <span class='ocrx_word' id='word_1_82' title='bbox 1189 1056 1313 1106; x_wconf 77' lang='grc' dir='ltr'><em>ἄτας.</em></span> 
     </span>
    </p>

    <p class='ocr_par' dir='ltr' id='par_1_5' title="bbox 277 1122 1833 2460">
     <span class='ocr_line' id='line_1_12' title="bbox 399 1122 1831 1175; baseline 0 -13"><span class='ocrx_word' id='word_1_83' title='bbox 399 1122 518 1172; x_wconf 73' lang='lat' dir='ltr'>Quae</span> <span class='ocrx_word' id='word_1_84' title='bbox 549 1130 687 1164; x_wconf 82' lang='lat' dir='ltr'>tamen</span> <span class='ocrx_word' id='word_1_85' title='bbox 719 1124 839 1164; x_wconf 90' lang='lat' dir='ltr'>lectio</span> <span class='ocrx_word' id='word_1_86' title='bbox 869 1124 902 1164; x_wconf 86' lang='lat' dir='ltr'>si</span> <span class='ocrx_word' id='word_1_87' title='bbox 933 1123 1102 1164; x_wconf 91' lang='lat' dir='ltr'>omnino</span> <span class='ocrx_word' id='word_1_88' title='bbox 1135 1124 1187 1163; x_wconf 89' lang='lat' dir='ltr'>sit</span> <span class='ocrx_word' id='word_1_89' title='bbox 1226 1123 1495 1175; x_wconf 81' lang='lat' dir='ltr'>admittenda,</span> <span class='ocrx_word' id='word_1_90' title='bbox 1536 1123 1663 1164; x_wconf 77' lang='lat' dir='ltr'>verba</span> <span class='ocrx_word' id='word_1_91' title='bbox 1699 1124 1831 1171; x_wconf 84' lang='grc' dir='ltr'><strong>ἐκτὸς</strong></span> 
     </span>
     <span class='ocr_line' id='line_1_13' title="bbox 281 1190 1832 1248; baseline -0.001 -18"><span class='ocrx_word' id='word_1_92' title='bbox 281 1190 392 1239; x_wconf 84' lang='grc' dir='ltr'><strong>ἄτας</strong></span> <span class='ocrx_word' id='word_1_93' title='bbox 424 1204 507 1230; x_wconf 87' lang='lat' dir='ltr'>non</span> <span class='ocrx_word' id='word_1_94' title='bbox 538 1190 661 1232; x_wconf 83' lang='lat' dir='ltr'>valde</span> <span class='ocrx_word' id='word_1_95' title='bbox 692 1191 869 1248; x_wconf 85' lang='lat' dir='ltr'>placent,</span> <span class='ocrx_word' id='word_1_96' title='bbox 910 1205 1003 1232; x_wconf 90' lang='lat' dir='ltr'>cum</span> <span class='ocrx_word' id='word_1_97' title='bbox 1032 1205 1109 1247; x_wconf 90' lang='lat' dir='ltr'>per</span> <span class='ocrx_word' id='word_1_98' title='bbox 1137 1191 1317 1247; x_wconf 88' lang='lat' dir='ltr'>figuram</span> <span class='ocrx_word' id='word_1_99' title='bbox 1350 1206 1456 1247; x_wconf 86' lang='lat' dir='ltr'>quae</span> <span class='ocrx_word' id='word_1_100' title='bbox 1486 1191 1633 1232; x_wconf 89' lang='lat' dir='ltr'>dicitur</span> <span class='ocrx_word' id='word_1_101' title='bbox 1673 1193 1832 1245; x_wconf 75' lang='grc' dir='ltr'><em>ζεῦγμα</em></span> 
     </span>
     <span class='ocr_line' id='line_1_14' title="bbox 282 1257 1833 1300; baseline 0 -3"><span class='ocrx_word' id='word_1_102' title='bbox 282 1258 354 1298; x_wconf 90' lang='lat' dir='ltr'>toti</span> <span class='ocrx_word' id='word_1_103' title='bbox 396 1258 571 1299; x_wconf 89' lang='lat' dir='ltr'>orationi</span> <span class='ocrx_word' id='word_1_104' title='bbox 612 1259 771 1300; x_wconf 83' lang='lat' dir='ltr'>adiecta</span> <span class='ocrx_word' id='word_1_105' title='bbox 816 1259 898 1299; x_wconf 88' lang='lat' dir='ltr'>sint</span> <span class='ocrx_word' id='word_1_106' title='bbox 942 1259 1147 1300; x_wconf 82' lang='lat' dir='ltr'>habenda.</span> <span class='ocrx_word' id='word_1_107' title='bbox 1209 1259 1454 1299; x_wconf 88' lang='lat' dir='ltr'>Eruendum</span> <span class='ocrx_word' id='word_1_108' title='bbox 1498 1266 1559 1300; x_wconf 89' lang='lat' dir='ltr'>est</span> <span class='ocrx_word' id='word_1_109' title='bbox 1600 1272 1651 1299; x_wconf 85' lang='lat' dir='ltr'>ex</span> <span class='ocrx_word' id='word_1_110' title='bbox 1697 1257 1833 1298; x_wconf 91' lang='lat' dir='ltr'>verbis</span> 
     </span>
     <span class='ocr_line' id='line_1_15' title="bbox 281 1324 1831 1380; baseline 0 -16"><span class='ocrx_word' id='word_1_111' title='bbox 281 1324 624 1379; x_wconf 87' lang='lat' dir='ltr'>praecedentibus</span> <span class='ocrx_word' id='word_1_112' title='bbox 654 1327 828 1367; x_wconf 89' lang='lat' dir='ltr'>verbum</span> <span class='ocrx_word' id='word_1_113' title='bbox 861 1326 1038 1378; x_wconf 81' lang='lat' dir='ltr'>dicendi,</span> <span class='ocrx_word' id='word_1_114' title='bbox 1078 1341 1171 1366; x_wconf 90' lang='lat' dir='ltr'>cum</span> <span class='ocrx_word' id='word_1_115' title='bbox 1202 1331 1339 1375; x_wconf 82' lang='grc' dir='ltr'><strong><em>ἐκτὸς</em></strong></span> <span class='ocrx_word' id='word_1_116' title='bbox 1378 1326 1490 1376; x_wconf 81' lang='grc' dir='ltr'><strong>ἄτας</strong></span> <span class='ocrx_word' id='word_1_117' title='bbox 1528 1326 1664 1380; x_wconf 85' lang='lat' dir='ltr'>legem</span> <span class='ocrx_word' id='word_1_118' title='bbox 1701 1325 1831 1380; x_wconf 84' lang='lat' dir='ltr'>ipsam</span> 
     </span>
     <span class='ocr_line' id='line_1_16' title="bbox 281 1393 1831 1450; baseline 0.001 -17"><span class='ocrx_word' id='word_1_119' title='bbox 281 1393 501 1437; x_wconf 88' lang='lat' dir='ltr'>contineat.</span> <span class='ocrx_word' id='word_1_120' title='bbox 564 1393 794 1436; x_wconf 88' lang='lat' dir='ltr'>Meinekius</span> <span class='ocrx_word' id='word_1_121' title='bbox 832 1394 942 1447; x_wconf 80' lang='lat' dir='ltr'>dicit,</span> <span class='ocrx_word' id='word_1_122' title='bbox 974 1394 1233 1436; x_wconf 85' lang='lat' dir='ltr'>Brunckium</span> <span class='ocrx_word' id='word_1_123' title='bbox 1267 1409 1366 1436; x_wconf 84' lang='lat' dir='ltr'>voco</span> <span class='ocrx_word' id='word_1_124' title='bbox 1394 1396 1614 1450; x_wconf 86' lang='grc' dir='ltr'><strong>πάμπολις</strong></span> <span class='ocrx_word' id='word_1_125' title='bbox 1644 1394 1685 1434; x_wconf 91' lang='lat' dir='ltr'>in</span> <span class='ocrx_word' id='word_1_126' title='bbox 1716 1394 1831 1448; x_wconf 85' lang='grc' dir='ltr'><em>πάμ-</em></span> 
     </span>
     <span class='ocr_line' id='line_1_17' title="bbox 281 1460 1831 1518; baseline 0.001 -17"><span class='ocrx_word' id='word_1_127' title='bbox 281 1465 394 1501; x_wconf 84' lang='grc' dir='ltr'>πολύ</span> <span class='ocrx_word' id='word_1_128' title='bbox 424 1479 472 1516; x_wconf 71' lang='grc' dir='ltr'>γε</span> <span class='ocrx_word' id='word_1_129' title='bbox 500 1469 659 1502; x_wconf 85' lang='lat' dir='ltr'>mutata</span> <span class='ocrx_word' id='word_1_130' title='bbox 685 1463 773 1502; x_wconf 88' lang='lat' dir='ltr'>sine</span> <span class='ocrx_word' id='word_1_131' title='bbox 805 1463 930 1503; x_wconf 89' lang='lat' dir='ltr'>dubio</span> <span class='ocrx_word' id='word_1_132' title='bbox 961 1477 1130 1518; x_wconf 85' lang='lat' dir='ltr'>scopum</span> <span class='ocrx_word' id='word_1_133' title='bbox 1163 1462 1297 1504; x_wconf 85' lang='lat' dir='ltr'>ferire.</span> <span class='ocrx_word' id='word_1_134' title='bbox 1341 1461 1477 1513; x_wconf 80' lang='lat' dir='ltr'>Quam</span> <span class='ocrx_word' id='word_1_135' title='bbox 1507 1461 1558 1502; x_wconf 86' lang='lat' dir='ltr'>ad</span> <span class='ocrx_word' id='word_1_136' title='bbox 1589 1460 1831 1503; x_wconf 84' lang='lat' dir='ltr'>sententiam</span> 
     </span>
     <span class='ocr_line' id='line_1_18' title="bbox 280 1529 1831 1586; baseline 0 -16"><span class='ocrx_word' id='word_1_137' title='bbox 280 1529 526 1571; x_wconf 83' lang='lat' dir='ltr'>firmandam</span> <span class='ocrx_word' id='word_1_138' title='bbox 564 1529 793 1572; x_wconf 87' lang='lat' dir='ltr'>Meinekius</span> <span class='ocrx_word' id='word_1_139' title='bbox 824 1531 957 1582; x_wconf 83' lang='lat' dir='ltr'>affert,</span> <span class='ocrx_word' id='word_1_140' title='bbox 997 1548 1045 1585; x_wconf 82' lang='grc' dir='ltr'>γε</span> <span class='ocrx_word' id='word_1_141' title='bbox 1078 1546 1166 1571; x_wconf 88' lang='lat' dir='ltr'>esse</span> <span class='ocrx_word' id='word_1_142' title='bbox 1198 1531 1455 1585; x_wconf 85' lang='lat' dir='ltr'>aptissimum</span> <span class='ocrx_word' id='word_1_143' title='bbox 1496 1538 1536 1571; x_wconf 90' lang='lat' dir='ltr'>ct</span> <span class='ocrx_word' id='word_1_144' title='bbox 1576 1546 1649 1586; x_wconf 86' lang='lat' dir='ltr'>per</span> <span class='ocrx_word' id='word_1_145' title='bbox 1689 1545 1831 1571; x_wconf 87' lang='lat' dir='ltr'>vocem</span> 
     </span>
     <span class='ocr_line' id='line_1_19' title="bbox 279 1598 1831 1655; baseline 0 -16"><span class='ocrx_word' id='word_1_146' title='bbox 279 1600 393 1640; x_wconf 79' lang='grc' dir='ltr'><strong>πολὺ</strong></span> <span class='ocrx_word' id='word_1_147' title='bbox 424 1599 562 1640; x_wconf 84' lang='lat' dir='ltr'>omnia</span> <span class='ocrx_word' id='word_1_148' title='bbox 600 1598 768 1640; x_wconf 90' lang='lat' dir='ltr'>modum</span> <span class='ocrx_word' id='word_1_149' title='bbox 810 1598 1054 1641; x_wconf 86' lang='lat' dir='ltr'>excedentia</span> <span class='ocrx_word' id='word_1_150' title='bbox 1092 1598 1329 1655; x_wconf 84' lang='lat' dir='ltr'>significari.</span> <span class='ocrx_word' id='word_1_151' title='bbox 1395 1598 1444 1640; x_wconf 91' lang='lat' dir='ltr'>In</span> <span class='ocrx_word' id='word_1_152' title='bbox 1482 1615 1564 1654; x_wconf 90' lang='lat' dir='ltr'>quo</span> <span class='ocrx_word' id='word_1_153' title='bbox 1600 1607 1752 1650; x_wconf 79' lang='lat' dir='ltr'>tamen,</span> <span class='ocrx_word' id='word_1_154' title='bbox 1791 1599 1831 1640; x_wconf 90' lang='lat' dir='ltr'>ni</span> 
     </span>
     <span class='ocr_line' id='line_1_20' title="bbox 277 1667 1832 1724; baseline 0.001 -17"><span class='ocrx_word' id='word_1_155' title='bbox 277 1668 413 1719; x_wconf 87' lang='lat' dir='ltr'>fallor,</span> <span class='ocrx_word' id='word_1_156' title='bbox 451 1668 606 1708; x_wconf 87' lang='lat' dir='ltr'>erravit</span> <span class='ocrx_word' id='word_1_157' title='bbox 643 1667 708 1707; x_wconf 89' lang='lat' dir='ltr'>vir</span> <span class='ocrx_word' id='word_1_158' title='bbox 747 1667 956 1722; x_wconf 81' lang='lat' dir='ltr'>egregius,</span> <span class='ocrx_word' id='word_1_159' title='bbox 997 1667 1108 1723; x_wconf 89' lang='lat' dir='ltr'>quod</span> <span class='ocrx_word' id='word_1_160' title='bbox 1149 1667 1248 1723; x_wconf 90' lang='lat' dir='ltr'>quid</span> <span class='ocrx_word' id='word_1_161' title='bbox 1292 1667 1368 1707; x_wconf 87' lang='lat' dir='ltr'>sibi</span> <span class='ocrx_word' id='word_1_162' title='bbox 1407 1667 1508 1708; x_wconf 85' lang='lat' dir='ltr'>velit</span> <span class='ocrx_word' id='word_1_163' title='bbox 1546 1667 1746 1724; x_wconf 83' lang='lat' dir='ltr'>particula</span> <span class='ocrx_word' id='word_1_164' title='bbox 1785 1684 1832 1723; x_wconf 79' lang='grc' dir='ltr'>γε</span> 
     </span>
     <span class='ocr_line' id='line_1_21' title="bbox 278 1725 1832 1789; baseline -0.001 -12"><span class='ocrx_word' id='word_1_165' title='bbox 278 1741 471 1777; x_wconf 70' lang='lat' dir='ltr'>coercens</span> <span class='ocrx_word' id='word_1_166' title='bbox 501 1751 583 1777; x_wconf 91' lang='lat' dir='ltr'>non</span> <span class='ocrx_word' id='word_1_167' title='bbox 623 1735 744 1777; x_wconf 89' lang='lat' dir='ltr'>video</span> <span class='ocrx_word' id='word_1_168' title='bbox 784 1743 825 1777; x_wconf 89' lang='lat' dir='ltr'>et</span> <span class='ocrx_word' id='word_1_169' title='bbox 865 1725 990 1777; x_wconf 62' lang='grc' dir='ltr'><em>πολθ</em></span> <span class='ocrx_word' id='word_1_170' title='bbox 1019 1751 1141 1776; x_wconf 91' lang='lat' dir='ltr'>sensu</span> <span class='ocrx_word' id='word_1_171' title='bbox 1181 1735 1381 1789; x_wconf 82' lang='lat' dir='ltr'>generali,</span> <span class='ocrx_word' id='word_1_172' title='bbox 1420 1742 1465 1775; x_wconf 87' lang='lat' dir='ltr'>ut</span> <span class='ocrx_word' id='word_1_173' title='bbox 1501 1735 1558 1775; x_wconf 83' lang='lat' dir='ltr'>ita</span> <span class='ocrx_word' id='word_1_174' title='bbox 1595 1736 1740 1787; x_wconf 85' lang='lat' dir='ltr'>dicam,</span> <span class='ocrx_word' id='word_1_175' title='bbox 1781 1736 1832 1775; x_wconf 84' lang='lat' dir='ltr'>ad</span> 
     </span>
     <span class='ocr_line' id='line_1_22' title="bbox 278 1803 1831 1861; baseline 0 -17"><span class='ocrx_word' id='word_1_176' title='bbox 278 1819 412 1846; x_wconf 81' lang='lat' dir='ltr'>meam</span> <span class='ocrx_word' id='word_1_177' title='bbox 443 1804 723 1859; x_wconf 87' lang='lat' dir='ltr'>cognitionem</span> <span class='ocrx_word' id='word_1_178' title='bbox 753 1804 969 1859; x_wconf 86' lang='lat' dir='ltr'>hucusque</span> <span class='ocrx_word' id='word_1_179' title='bbox 1001 1819 1083 1846; x_wconf 90' lang='lat' dir='ltr'>non</span> <span class='ocrx_word' id='word_1_180' title='bbox 1119 1804 1321 1861; x_wconf 82' lang='lat' dir='ltr'>pervenit,</span> <span class='ocrx_word' id='word_1_181' title='bbox 1345 1805 1556 1859; x_wconf 84' lang='grc' dir='ltr'>πάμπολυ</span> <span class='ocrx_word' id='word_1_182' title='bbox 1573 1811 1714 1845; x_wconf 85' lang='lat' dir='ltr'>contra</span> <span class='ocrx_word' id='word_1_183' title='bbox 1730 1803 1831 1845; x_wconf 89' lang='lat' dir='ltr'>nihil</span> 
     </span>
     <span class='ocr_line' id='line_1_23' title="bbox 278 1872 1832 1929; baseline -0.001 -16"><span class='ocrx_word' id='word_1_184' title='bbox 278 1872 389 1913; x_wconf 79' lang='lat' dir='ltr'>aliud</span> <span class='ocrx_word' id='word_1_185' title='bbox 422 1872 658 1927; x_wconf 84' lang='lat' dir='ltr'>significare</span> <span class='ocrx_word' id='word_1_186' title='bbox 691 1888 817 1928; x_wconf 85' lang='lat' dir='ltr'>quam</span> <span class='ocrx_word' id='word_1_187' title='bbox 847 1887 1138 1929; x_wconf 85' lang='lat' dir='ltr'>permagnum,</span> <span class='ocrx_word' id='word_1_188' title='bbox 1170 1872 1424 1929; x_wconf 87' lang='lat' dir='ltr'>permultum</span> <span class='ocrx_word' id='word_1_189' title='bbox 1470 1880 1639 1915; x_wconf 81' lang='lat' dir='ltr'>constat.</span> <span class='ocrx_word' id='word_1_190' title='bbox 1704 1872 1832 1928; x_wconf 81' lang='lat' dir='ltr'>Berg-</span> 
     </span>
     <span class='ocr_line' id='line_1_24' title="bbox 278 1939 1833 1996; baseline -0.001 -15"><span class='ocrx_word' id='word_1_191' title='bbox 278 1941 369 1981; x_wconf 83' lang='lat' dir='ltr'>kius</span> <span class='ocrx_word' id='word_1_192' title='bbox 401 1941 572 1982; x_wconf 81' lang='lat' dir='ltr'>coniecit</span> <span class='ocrx_word' id='word_1_193' title='bbox 600 1944 842 1996; x_wconf 83' lang='grc' dir='ltr'><em>παμπαδίς,</em></span> <span class='ocrx_word' id='word_1_194' title='bbox 876 1941 986 1996; x_wconf 87' lang='lat' dir='ltr'>quod</span> <span class='ocrx_word' id='word_1_195' title='bbox 1019 1939 1268 1981; x_wconf 73' lang='lat' dir='ltr'>vocabulum</span> <span class='ocrx_word' id='word_1_196' title='bbox 1299 1940 1481 1995; x_wconf 86' lang='lat' dir='ltr'>perfacili</span> <span class='ocrx_word' id='word_1_197' title='bbox 1512 1941 1675 1995; x_wconf 85' lang='lat' dir='ltr'>quidem</span> <span class='ocrx_word' id='word_1_198' title='bbox 1708 1955 1833 1996; x_wconf 85' lang='lat' dir='ltr'>opera</span> 
     </span>
     <span class='ocr_line' id='line_1_25' title="bbox 279 2007 1831 2064; baseline -0.001 -15"><span class='ocrx_word' id='word_1_199' title='bbox 279 2008 524 2064; x_wconf 85' lang='lat' dir='ltr'>fingendum</span> <span class='ocrx_word' id='word_1_200' title='bbox 556 2023 761 2064; x_wconf 84' lang='lat' dir='ltr'>nusquam</span> <span class='ocrx_word' id='word_1_201' title='bbox 792 2024 859 2050; x_wconf 80' lang='lat' dir='ltr'>me</span> <span class='ocrx_word' id='word_1_202' title='bbox 889 2007 1095 2050; x_wconf 79' lang='lat' dir='ltr'>invenisse</span> <span class='ocrx_word' id='word_1_203' title='bbox 1128 2008 1270 2052; x_wconf 84' lang='lat' dir='ltr'>fateor.</span> <span class='ocrx_word' id='word_1_204' title='bbox 1338 2007 1520 2049; x_wconf 88' lang='lat' dir='ltr'>Omnino</span> <span class='ocrx_word' id='word_1_205' title='bbox 1552 2023 1694 2049; x_wconf 84' lang='lat' dir='ltr'>vocem</span> <span class='ocrx_word' id='word_1_206' title='bbox 1721 2026 1831 2062; x_wconf 72' lang='grc' dir='ltr'>παμ-</span> 
     </span>
     <span class='ocr_line' id='line_1_26' title="bbox 283 2074 1832 2132; baseline 0.001 -16"><span class='ocrx_word' id='word_1_207' title='bbox 283 2079 410 2125; x_wconf 77' lang='grc' dir='ltr'><strong>παδὶς</strong></span> <span class='ocrx_word' id='word_1_208' title='bbox 441 2077 492 2116; x_wconf 86' lang='lat' dir='ltr'>ad</span> <span class='ocrx_word' id='word_1_209' title='bbox 525 2091 571 2117; x_wconf 86' lang='lat' dir='ltr'>ea</span> <span class='ocrx_word' id='word_1_210' title='bbox 605 2091 712 2132; x_wconf 88' lang='lat' dir='ltr'>quae</span> <span class='ocrx_word' id='word_1_211' title='bbox 744 2083 988 2132; x_wconf 86' lang='lat' dir='ltr'>sequuntur,</span> <span class='ocrx_word' id='word_1_212' title='bbox 1020 2090 1104 2117; x_wconf 84' lang='lat' dir='ltr'>non</span> <span class='ocrx_word' id='word_1_213' title='bbox 1134 2089 1221 2116; x_wconf 83' lang='lat' dir='ltr'>csse</span> <span class='ocrx_word' id='word_1_214' title='bbox 1254 2074 1482 2131; x_wconf 87' lang='lat' dir='ltr'>appositam</span> <span class='ocrx_word' id='word_1_215' title='bbox 1506 2075 1585 2117; x_wconf 86' lang='lat' dir='ltr'>iam</span> <span class='ocrx_word' id='word_1_216' title='bbox 1605 2075 1832 2118; x_wconf 83' lang='lat' dir='ltr'>Meinekius</span> 
     </span>
     <span class='ocr_line' id='line_1_27' title="bbox 281 2144 1829 2200; baseline 0.001 -15"><span class='ocrx_word' id='word_1_217' title='bbox 281 2146 321 2185; x_wconf 91' lang='lat' dir='ltr'>in</span> <span class='ocrx_word' id='word_1_218' title='bbox 352 2145 686 2186; x_wconf 83' lang='lat' dir='ltr'>adnotationibus</span> <span class='ocrx_word' id='word_1_219' title='bbox 718 2144 983 2200; x_wconf 81' lang='lat' dir='ltr'>philologieis</span> <span class='ocrx_word' id='word_1_220' title='bbox 1008 2144 1059 2184; x_wconf 86' lang='lat' dir='ltr'>ad</span> <span class='ocrx_word' id='word_1_221' title='bbox 1087 2144 1195 2183; x_wconf 87' lang='lat' dir='ltr'>hunc</span> <span class='ocrx_word' id='word_1_222' title='bbox 1214 2144 1350 2183; x_wconf 88' lang='lat' dir='ltr'>locum</span> <span class='ocrx_word' id='word_1_223' title='bbox 1368 2144 1591 2184; x_wconf 80' lang='lat' dir='ltr'>rectissimo</span> <span class='ocrx_word' id='word_1_224' title='bbox 1609 2145 1829 2186; x_wconf 89' lang='lat' dir='ltr'>contendit.</span> 
     </span>
     <span class='ocr_line' id='line_1_28' title="bbox 281 2210 1831 2268; baseline 0.001 -16"><span class='ocrx_word' id='word_1_225' title='bbox 281 2211 404 2262; x_wconf 72' lang='lat' dir='ltr'>Quod</span> <span class='ocrx_word' id='word_1_226' title='bbox 436 2218 579 2252; x_wconf 87' lang='lat' dir='ltr'>contra</span> <span class='ocrx_word' id='word_1_227' title='bbox 610 2212 699 2252; x_wconf 84' lang='lat' dir='ltr'>viro</span> <span class='ocrx_word' id='word_1_228' title='bbox 732 2211 967 2253; x_wconf 83' lang='lat' dir='ltr'>doctissimo</span> <span class='ocrx_word' id='word_1_229' title='bbox 997 2225 1079 2252; x_wconf 91' lang='lat' dir='ltr'>non</span> <span class='ocrx_word' id='word_1_230' title='bbox 1111 2210 1322 2261; x_wconf 85' lang='lat' dir='ltr'>assentior,</span> <span class='ocrx_word' id='word_1_231' title='bbox 1355 2225 1447 2252; x_wconf 76' lang='lat' dir='ltr'>cuni</span> <span class='ocrx_word' id='word_1_232' title='bbox 1479 2226 1554 2267; x_wconf 88' lang='lat' dir='ltr'>pro</span> <span class='ocrx_word' id='word_1_233' title='bbox 1586 2213 1706 2268; x_wconf 77' lang='grc' dir='ltr'><em>ἕρπει</em></span> <span class='ocrx_word' id='word_1_234' title='bbox 1735 2214 1831 2254; x_wconf 87' lang='lat' dir='ltr'>scri-</span> 
     </span>
     <span class='ocr_line' id='line_1_29' title="bbox 283 2274 1832 2334; baseline 0.003 -16"><span class='ocrx_word' id='word_1_235' title='bbox 283 2280 464 2321; x_wconf 83' lang='lat' dir='ltr'>bendum</span> <span class='ocrx_word' id='word_1_236' title='bbox 497 2295 584 2320; x_wconf 89' lang='lat' dir='ltr'>esse</span> <span class='ocrx_word' id='word_1_237' title='bbox 616 2287 780 2320; x_wconf 88' lang='lat' dir='ltr'>censeat</span> <span class='ocrx_word' id='word_1_238' title='bbox 813 2274 980 2334; x_wconf 72' lang='grc' dir='ltr'><strong><em>ἕρπεινς</em></strong></span> <span class='ocrx_word' id='word_1_239' title='bbox 1023 2285 1154 2319; x_wconf 82' lang='lat' dir='ltr'>totum</span> <span class='ocrx_word' id='word_1_240' title='bbox 1185 2278 1294 2320; x_wconf 88' lang='lat' dir='ltr'>enim</span> <span class='ocrx_word' id='word_1_241' title='bbox 1327 2279 1581 2321; x_wconf 89' lang='lat' dir='ltr'>enuntiatum</span> <span class='ocrx_word' id='word_1_242' title='bbox 1621 2281 1738 2324; x_wconf 86' lang='lat' dir='ltr'>facile</span> <span class='ocrx_word' id='word_1_243' title='bbox 1776 2282 1832 2324; x_wconf 86' lang='lat' dir='ltr'>ita</span> 
     </span>
     <span class='ocr_line' id='line_1_30' title="bbox 280 2347 1832 2405; baseline 0.001 -16"><span class='ocrx_word' id='word_1_244' title='bbox 280 2356 417 2405; x_wconf 86' lang='lat' dir='ltr'>potest</span> <span class='ocrx_word' id='word_1_245' title='bbox 445 2349 586 2404; x_wconf 77' lang='lat' dir='ltr'>accipi,</span> <span class='ocrx_word' id='word_1_246' title='bbox 634 2347 678 2389; x_wconf 85' lang='lat' dir='ltr'>ut</span> <span class='ocrx_word' id='word_1_247' title='bbox 710 2349 770 2389; x_wconf 79' lang='lat' dir='ltr'>sui</span> <span class='ocrx_word' id='word_1_248' title='bbox 801 2349 900 2389; x_wconf 86' lang='lat' dir='ltr'>iuris</span> <span class='ocrx_word' id='word_1_249' title='bbox 935 2349 1148 2399; x_wconf 77' lang='lat' dir='ltr'>habeatur,</span> <span class='ocrx_word' id='word_1_250' title='bbox 1197 2362 1276 2388; x_wconf 85' lang='lat' dir='ltr'>non</span> <span class='ocrx_word' id='word_1_251' title='bbox 1309 2348 1493 2403; x_wconf 86' lang='lat' dir='ltr'>pendens</span> <span class='ocrx_word' id='word_1_252' title='bbox 1525 2363 1576 2390; x_wconf 90' lang='lat' dir='ltr'>ex</span> <span class='ocrx_word' id='word_1_253' title='bbox 1607 2351 1732 2390; x_wconf 72' lang='lat' dir='ltr'>verbo</span> <span class='ocrx_word' id='word_1_254' title='bbox 1773 2351 1832 2391; x_wconf 86' lang='lat' dir='ltr'>di-</span> 
     </span>
     <span class='ocr_line' id='line_1_31' title="bbox 281 2417 713 2460; baseline 0.005 -2"><span class='ocrx_word' id='word_1_255' title='bbox 281 2417 401 2459; x_wconf 86' lang='lat' dir='ltr'>cendi</span> <span class='ocrx_word' id='word_1_256' title='bbox 432 2417 713 2460; x_wconf 87' lang='lat' dir='ltr'>antecedente.</span> 
     </span>
    </p>
   </div>
  </div>
 </body>
</html>
