2086 3358
862 242 1147 286 ...21-

729 388 767 412 v.
796 368 967 413 42-53
1000 390 1061 407 =
1090 372 1272 414 54-65.

341 439 472 482 Plane
492 440 596 482 falso
612 438 867 483 Schmidtius
886 439 938 482 de
953 440 1149 496 strophae
1169 447 1300 483 metro
1316 439 1481 493 iudicat,
1513 456 1604 483 cum
1624 442 1778 498 ubique

227 514 399 564 excepto
429 507 574 549 ultimo
604 522 726 548 versu
757 507 976 548 anacrusin
1003 514 1167 561 statuat,
1194 515 1240 549 ut
1270 508 1523 549 trochaicum
1556 524 1777 551 numerum

226 583 484 631 extorqueat.
529 574 663 617 Multo
693 575 917 632 simplicius
946 591 1013 618 res
1042 583 1178 633 potest
1208 576 1349 633 accipi,
1381 576 1414 618 si
1444 592 1538 619 cum
1555 576 1776 620 Dindorfio

225 658 391 685 versum
419 642 599 700 primum
629 650 670 685 et
699 650 893 701 quartum
929 643 1127 685 ducamus
1158 644 1367 686 trimetros
1398 643 1593 686 iambicos
1634 645 1691 686 ita
1730 652 1776 687 ut

223 714 267 753 in
308 714 442 770 primo
481 713 583 753 arsis
623 713 720 754 insit
757 713 887 754 tribus
927 712 1027 755 locis
1069 713 1268 755 dissoluta
1305 711 1348 754 in
1390 713 1574 770 syllabas
1616 713 1774 757 breves.

225 780 388 823 Deinde
417 779 648 824 Schmidt-io
676 781 865 824 assentiri
901 794 984 823 non
1026 796 1145 838 queo,
1185 796 1313 838 quum
1354 780 1648 838 pentapodiam
1690 788 1773 824 tro-

223 848 405 890 chaicam
437 848 714 891 catalecticam
745 849 970 906 praemissa
1000 856 1046 891 ut
1074 849 1180 892 solet
1210 844 1398 891 anacrusi
1432 849 1562 891 altero
1580 847 1672 892 loco
1692 856 1772 892 sta-

223 924 339 959 tuere
367 924 550 959 conetur.
609 917 703 967 Quo
732 918 832 959 mihi
867 917 972 959 nihil
1001 918 1167 960 videtur
1197 932 1285 960 csse
1314 917 1522 958 audacius.
1568 916 1772 959 Excusari

222 985 527 1041 quodammodo
551 992 689 1042 posset
718 979 790 1026 illa
820 986 1039 1039 sententia,
1068 986 1101 1027 si
1127 1002 1209 1028 vox
1227 987 1273 1027 ἰὼ
1291 985 1610 1039 desideraretur,
1642 1001 1771 1042 quum

221 1052 386 1097 ordines

333 1130 441 1178 γαῖα
470 1131 594 1177 μαῖα,
626 1125 795 1178 μωμένα

332 1191 373 1246 μ’
406 1192 548 1232 ἰάλλει
578 1190 759 1242 δύσθεος
789 1192 902 1247 γυνά
932 1190 1054 1232 simili
1088 1190 1211 1232 modo
1252 1191 1449 1233 formatos
1488 1205 1576 1233 esse
1612 1190 1769 1249 perspi-

219 1273 342 1299 cuum
376 1258 438 1301 sit.
500 1258 715 1301 Facillime
747 1273 865 1301 voces
898 1260 943 1300 ἰὼ
975 1267 1083 1313 γαῖα
1112 1268 1236 1314 μαῖα,
1268 1258 1439 1315 μωμένα
1468 1259 1511 1314 μ’
1541 1257 1684 1301 ἰάλλει
1712 1260 1770 1301 ita

218 1334 390 1384 possunt
419 1327 631 1381 diudicari,
662 1335 708 1369 ut
733 1327 785 1368 ad
815 1342 944 1368 unum
973 1326 1161 1369 ordinem
1186 1320 1525 1384 conglutinentur
1548 1320 1768 1370 iambicam

218 1410 454 1438 mensuram
485 1411 584 1453 prae
613 1411 657 1439 se
686 1396 898 1439 ferentem.
938 1393 1155 1438 Praecedit
1182 1394 1316 1437 ordini
1346 1388 1561 1449 bacchius;
1589 1391 1678 1453 ipse
1707 1403 1769 1439 est

218 1464 449 1521 tetrapodia
491 1464 667 1507 iambica
712 1464 1097 1522 hypercatalectica.
1170 1463 1359 1505 Priorem
1404 1463 1559 1505 ordinis
1606 1472 1767 1521 partem

218 1534 458 1576 dochmiace
486 1533 609 1576 etiam
639 1548 758 1590 posse
789 1533 918 1590 accipi
948 1533 1123 1575 fortasse
1154 1532 1358 1589 quispiam
1389 1528 1556 1586 dixerit,
1586 1540 1632 1576 ut
1663 1532 1765 1575 Din-

219 1602 392 1655 dorfius3
422 1602 615 1646 recedere
643 1610 783 1646 tamen
814 1617 920 1655 eum,
952 1602 993 1644 ni
1012 1601 1146 1655 fallor,
1171 1600 1436 1645 Dindorfium
1455 1601 1498 1644 in
1519 1593 1767 1659 hoc'genere

217 1679 402 1713 secutum
433 1671 485 1713 ab
514 1671 716 1714 sententia
744 1677 918 1728 oportet,
949 1670 983 1711 si
1008 1669 1232 1726 diligenter
1248 1684 1386 1712 seeum
1406 1676 1582 1727 reputet,
1612 1671 1764 1728 hyper-

217 1740 473 1783 catalecticos
502 1740 667 1783 ordines
696 1740 892 1782 iambicos
915 1739 1164 1781 dochmiacis
1187 1738 1373 1782 versibus
1398 1753 1481 1781 non
1505 1738 1664 1796 affingi,
1694 1740 1765 1783 sed

217 1808 511 1865 anapaestic05‚
549 1809 582 1850 si
621 1808 811 1850 audimus
852 1807 1088 1850 Seidlerum
1128 1807 1181 1849 de
1219 1821 1345 1849 verss.
1387 1807 1549 1848 dochm.
1587 1823 1626 1864 p.
1674 1808 1764 1849 144.

221 1876 375 1918 Versus
395 1877 540 1918 tertius
563 1883 723 1918 constat
745 1891 794 1917 ex
819 1876 979 1916 duabus
1003 1874 1243 1932 tetrapodiis
1266 1874 1485 1916 trochaicis
1507 1875 1765 1928 catalecticis‚

215 1947 258 1988 id
289 1946 401 2003 quod
431 1947 604 1988 fortasse
632 1946 760 1988 sensit
787 1944 1056 1997 Schmidtius,
1094 1960 1223 2000 quum
1251 1944 1505 1986 trochaicum
1545 1959 1763 1986 numerum

216 2014 370 2070 ubique
401 2014 443 2056 in
475 2015 645 2071 stropha
673 2013 890 2055 restituere
922 2022 1152 2055 conaretur,
1206 2012 1383 2053 Versum
1414 2015 1460 2054 τί
1491 2016 1572 2069 γὰρ
1606 2015 1765 2070 λύτρον

214 2084 427 2133 πεσόντος
457 2082 643 2139 αἵματος
677 2084 818 2134 πέδαις
849 2081 1095 2124 sententiam
1127 2096 1243 2122 suam
1275 2088 1439 2124 secutus
1460 2096 1542 2137 qua
1568 2081 1764 2123 trochaici

215 2167 358 2193 versus
387 2151 624 2207 proferendi
658 2158 765 2204 sunt,
807 2151 859 2191 ad
893 2150 1071 2192 eundem
1101 2165 1321 2191 numerum
1351 2148 1497 2202 refert;
1539 2150 1764 2207 simplicius

216 2229 354 2262 tamen
393 2234 459 2262 res
496 2220 554 2261 ita
593 2219 759 2262 videtur
798 2219 1048 2276 accipienda,
1088 2226 1135 2261 ut
1171 2219 1273 2261 ordo
1310 2225 1515 2261 statuatur
1552 2218 1763 2260 iambicus.

215 2287 504 2344 stribliginem
534 2285 700 2329 ad‘misit
736 2287 800 2329 vir
839 2280 1110 2340 doctissimus,
1152 2302 1280 2344 quum
1324 2287 1514 2330 ultimam
1555 2287 1762 2344 syllabam

214 2376 286 2399 σιν
315 2357 357 2397 in
388 2358 656 2399 ἓανάτοισιν
688 2356 812 2398 ducat
842 2371 931 2398 esse
957 2357 1146 2412 longam3
1190 2356 1384 2412 equidem
1423 2363 1523 2413 puto
1554 2371 1645 2397 eam
1675 2371 1762 2398 esse

215 2433 462 2482 correptam.

794 2492 965 2550 Stroph.
995 2494 1176 2536 58—73.

328 2562 378 2602 In
403 2560 641 2601 universum
661 2575 743 2601 non
762 2560 818 2600 ita
838 2561 942 2602 falso
960 2561 1158 2603 iudicavit
1175 2560 1430 2604 Schmidtius
1448 2560 1500 2602 de
1521 2560 1641 2600 huius
1658 2566 1761 2602 stro·

213 2632 322 2688 phae
352 2629 503 2672 metris
564 2628 741 2684 Semper
771 2643 864 2670 cum
894 2628 936 2670 id
967 2630 1143 2682 studeat,
1172 2637 1219 2671 ut
1248 2630 1446 2671 unitatem
1477 2629 1761 2685 rhythmicam

214 2698 422 2755 quandam
455 2699 496 2739 in
529 2696 710 2738 numeris
741 2711 816 2752 per
835 2712 880 2739 se
899 2697 1185 2739 diversissimis
1206 2697 1422 2739 restituere
1442 2702 1626 2748 conetur,
1655 2697 1763 2738 hanc

213 2768 351 2823 legem
381 2767 459 2808 hoc
495 2766 609 2806 itiam
645 2764 735 2806 loco
776 2764 880 2806 bene
918 2771 1044 2807 tenet.
1106 2764 1286 2807 Ordines
1328 2764 1456 2820 igitur
1495 2764 1638 2805 statuit
1679 2772 1759 2806 tro-

213 2834 375 2878 chaicos
404 2835 460 2877 ita
490 2830 658 2890 quidem
688 2840 960 2890 comparatos,
999 2841 1046 2876 ut
1074 2833 1293 2891 praecedat
1322 2833 1543 2875 anacrusis.
1604 2832 1759 2890 Propo-

213 2906 336 2947 situm
368 2903 480 2962 quod
511 2908 674 2945 secutus
703 2908 765 2944 est
790 2902 848 2943 ita
879 2908 925 2944 ut
961 2917 1101 2945 secum
1142 2917 1225 2944 non
1267 2908 1439 2960 pugnet,
1484 2901 1632 2953 laudo3
1676 2907 1760 2941 non
