2086 3375
992 234 1274 277 —16-

355 366 549 406 statuitur
578 366 805 421 aequalitas
836 365 1054 421 quaedam.
1101 365 1258 407 Vocem
1287 363 1538 422 περίφρονα
1567 362 1621 405 ita
1644 361 1835 420 positam,
1866 367 1913 404 ut

357 435 398 476 in
431 435 616 476 clausula
646 450 790 476 versus
821 435 999 490 legatur,
1033 434 1420 492 reprehendendam
1452 448 1539 476 esse
1566 432 1793 474 rectissime
1810 431 1914 472 vidit

355 504 420 547 Jo.
458 503 664 546 Henricus
696 503 966 556 Schmidtius,
1007 518 1100 545 cum
1131 503 1173 545 in
1205 503 1395 545 dochmio
1435 510 1607 561 propter
1644 512 1911 544 numerorum

357 573 668 614 concursionem
703 610 729 617 V
750 612 795 615 —.
814 577 828 619 J
848 614 893 616 ἡ
914 610 940 617 ν
960 605 1018 624 Q,
1057 588 1110 614 ne
1142 574 1406 613 dochmiacus
1436 587 1632 614 numerus
1661 571 1749 628 ipse
1789 570 1915 627 plane

357 642 557 692 deleatur,
586 649 773 682 extremo
805 642 895 682 loeo
926 641 1090 697 syllaba
1121 657 1271 698 anceps
1303 642 1400 683 ferri
1434 656 1517 683 non
1549 647 1684 697 queat.
1748 638 1913 681 Deinde

359 709 624 765 Hartungius
653 710 760 750 iusta
790 710 1113 765 reprehensione
1144 710 1296 765 dignus
1327 717 1399 762 est,
1439 709 1549 765 quod
1581 726 1628 764 γε
1660 715 1754 765 post
1783 707 1913 761 αἵμα-

357 797 431 829 τος
462 778 621 829 inserit,
653 792 850 818 numerus
881 777 992 819 enim
1024 793 1156 835 paene
1183 778 1322 819 nullus
1353 772 1504 830 existit,
1530 777 1674 819 sicum
1696 791 1743 819 eo
1758 783 1913 817 stamus

358 862 405 887 ac
436 847 646 902 sentimus.
709 846 1035 887 Assentiendum
1078 848 1213 903 potius
1254 853 1316 888 est
1357 845 1590 888 Schmidtio
1629 844 1911 900 Hartungium

358 921 528 971 propter
541 922 784 966 ,metrorum
822 914 973 955 indolis
1003 914 1283 970 ignorantiam
1310 914 1587 970 persequenti.

473 982 539 1024 De
570 982 730 1024 cantico
760 998 798 1026 v.
837 981 1130 1028 1448-1576.
1169 981 1404 1025 Hermanni
1421 997 1615 1024 mensura
1632 981 1733 1022 mihi
1750 980 1916 1022 videtur

356 1051 586 1094 retinenda.
634 1051 967 1092 commendatur
996 1052 1105 1092 enim
1138 1051 1398 1109 simplicitate
1428 1065 1515 1103 nec,
1549 1064 1694 1093 verum
1726 1048 1758 1090 si
1790 1063 1915 1104 quae-

357 1120 499 1171 rimus,
528 1134 797 1160 numerorum
829 1120 1109 1176 pulchritudo,
1151 1135 1258 1176 quae
1288 1119 1476 1176 quamvis
1506 1119 1672 1175 singula
1711 1118 1916 1159 vocabula

357 1189 502 1230 vitiose
533 1189 616 1229 sint
647 1188 811 1240 tradita,
851 1188 1008 1229 difficili
1040 1189 1207 1244 negotio
1251 1188 1442 1244 cognosci
1483 1195 1630 1244 potest.
1694 1186 1915 1230 Schmidtii

361 1257 603 1307 sententiae,
645 1273 727 1311 qua
768 1272 911 1297 versus
942 1258 1138 1314 strophae
1169 1257 1446 1313 paenultimus
1476 1256 1520 1307 ὃς
1551 1256 1698 1298 πολλὰ
1731 1255 1842 1306 τλὰς
1873 1258 1915 1298 ἐκ

361 1325 560 1381 γυναικὸς
591 1328 683 1381 βίον
712 1341 788 1382 pro
820 1341 1086 1367 numerorum
1121 1326 1392 1367 similitudine
1420 1326 1477 1366 ita
1508 1325 1719 1381 accipitur,
1750 1331 1796 1365 ut
1824 1332 1918 1381 post

364 1395 478 1439 τλὰς
508 1409 636 1451 pausa
666 1400 881 1447 statuatur,
915 1394 1108 1451 equidem
1140 1394 1328 1437 assentiri
1359 1409 1442 1437 non
1472 1409 1652 1451 possum,
1686 1409 1813 1449 quum
1842 1409 1916 1434 nu—

362 1479 570 1505 merorum
601 1463 869 1504 concursione
900 1478 982 1518 qua
1012 1464 1113 1504 arsis
1143 1463 1223 1503 arsi
1255 1463 1446 1515 occurrit,
1491 1469 1536 1504 ut
1565 1462 1648 1503 iam
1680 1462 1917 1520 saepissime

363 1531 549 1589 exposui,
589 1531 641 1573 ad
673 1532 888 1573 hominum
934 1547 1072 1574 rerum
1116 1532 1322 1588 gravitate
1360 1533 1656 1573 concitatorum
1694 1532 1917 1573 sententias

362 1600 650 1658 expingendas
681 1600 769 1642 sine
799 1600 924 1642 dubio
947 1599 1071 1643 valde
1086 1600 1277 1643 videatur
1292 1601 1490 1658 apposita.
1538 1600 1735 1643 Ceterum
1752 1615 1916 1641 causam

363 1685 446 1710 non
476 1669 611 1722 video,
643 1684 717 1709 cur
732 1669 987 1711 Schmidtius
1019 1684 1043 1710 a
1074 1669 1235 1710 traditis
1267 1669 1510 1711 lectionibus
1542 1676 1583 1711 et
1603 1668 1918 1712 Hermanniana

362 1746 592 1782 metrorum
638 1753 833 1780 mensura.
876 1738 1048 1780 nimium
1092 1746 1293 1793 quantum
1344 1739 1571 1780 recesserit.
1642 1738 1921 1779 Dochmiaeus

364 1808 474 1850 enim
515 1820 714 1848 numerus
753 1806 794 1847 in
834 1821 957 1849 versu
999 1806 1146 1864 primo,
1193 1807 1359 1864 qualem
1403 1806 1657 1850 Schmidtius
1699 1808 1920 1861 constituit,

363 1877 523 1919 restitui
554 1877 670 1917 nollo
701 1876 825 1917 modo
857 1883 994 1933 potest
1012 1876 1370 1932 neclogaoedicus
1388 1876 1555 1929 arridet,
1589 1891 1681 1918 cum
1700 1876 1781 1919 duo
1797 1877 1920 1934 primi

364 1945 529 1987 ordines
572 1960 595 1985 a
636 1944 803 2000 dactylo
845 1944 1055 2002 incipiant.
1119 1944 1223 1986 Inde
1262 1952 1446 2001 apparet,
1491 1945 1677 1987 ordinem
1715 1947 1816 2001 μηδὲ
1853 1949 1919 1988 δε-

365 2017 592 2070 μνιοτήρης
620 2027 697 2070 per
726 2028 770 2055 se
799 2028 887 2054 esse
919 2012 1190 2069 spectandum
1220 2028 1297 2054 nee
1328 2027 1421 2054 cum
1452 2014 1793 2069 praecedentibus
1826 2030 1920 2057 con-

364 2081 644 2137 iungendum,
688 2080 789 2121 ordo
819 2087 880 2121 est
909 2081 1214 2136 pherecrateuS.
1276 2080 1470 2122 Fortasse
1506 2096 1649 2122 versus
1680 2084 1792 2138 μοῖρ’
1824 2085 1920 2125 ἀτέ-

367 2153 524 2191 λευτον
555 2149 710 2199 ὕπνον,
739 2150 949 2202 δαμέντος
979 2149 1036 2190 ita
1062 2148 1228 2191 videtur
1244 2164 1333 2191 esse
1351 2149 1624 2206 accipiendus,
1655 2158 1701 2193 ut
1719 2141 1922 2193 habeatur

368 2217 620 2275 compositus
658 2232 709 2259 ex
753 2217 942 2258 dochmio
985 2224 1025 2258 et
1068 2217 1234 2274 dipodia
1278 2218 1498 2271 trochaica,
1544 2234 1650 2275 quae
1693 2226 1920 2262 metrorum

366 2287 655 2329 coniuncti0·a
682 2300 877 2328 versuum
912 2285 1248 2328 dochmiacorum
1278 2286 1570 2344 fingendorum
1597 2288 1706 2346 apud
1730 2289 1921 2346 antiquos

367 2355 669 2400 consuetudine
697 2370 781 2396 non
823 2355 1033 2399 abhorret.
1094 2356 1359 2411 Quamquam
1396 2357 1491 2398 satis
1532 2358 1794 2414 exploratum
1826 2373 1922 2400 esse

362 2425 505 2477 eredo,
549 2423 852 2466 trochaicorum
894 2423 1086 2465 ordinum
1128 2423 1376 2466 dochmiaeis
1415 2425 1699 2468 adiunctorum
1745 2428 1921 2469 formam

369 2494 675 2536 usitatissimam
708 2508 796 2534 esse
828 2492 1035 2548 dipodiam
1069 2493 1345 2533 catalecticam
1374 2494 1461 2535 sive
1491 2495 1708 2548 creticum,
1755 2511 1837 2551 quo
1870 2511 1922 2538 ex

368 2577 523 2619 genere
553 2561 791 2617 exemplum
825 2560 927 2601 mihi
957 2567 1121 2616 praesto
1153 2567 1214 2602 est
1236 2561 1436 2617 Aeschyl.
1470 2563 1583 2619 Sept.
1619 2578 1652 2607 c.
1686 2563 1819 2608 Theb.
1852 2565 1920 2608 95.

369 2631 567 2673 Ceterum
598 2630 679 2671 hoc
709 2630 798 2670 loco
830 2628 940 2670 idem
973 2628 1184 2670 observari
1216 2644 1335 2686 posse
1365 2630 1566 2682 existimo,
1599 2633 1710 2688 quod
1740 2633 1781 2673 in
1814 2633 1924 2674 ordi-

368 2701 489 2742 nibus
523 2700 751 2756 glyeoneis,
784 2714 962 2755 quorum
996 2698 1222 2740 nonnullae
1251 2699 1408 2741 formae
1436 2699 1493 2741 ita
1523 2707 1618 2742 sunt
1650 2709 1926 2759 comparatae,

371 2777 416 2811 ut
445 2769 579 2811 ordini
609 2769 815 2825 glyconeo
846 2768 922 2825 ipsi
955 2767 1238 2822 adiungantur
1268 2783 1373 2809 unus
1405 2776 1476 2810 aut
1491 2770 1724 2827 complures
1741 2771 1923 2813 trochaei

371 2846 442 2880 aut
470 2838 635 2880 ordines
665 2837 874 2881 trochaici.
924 2836 974 2878 In
1003 2836 1200 2893 strophae
1224 2836 1349 2893 ipsius
1366 2837 1652 2881 distributione
1669 2839 1925 2882 Schmidtius

371 2923 395 2950 a
425 2921 548 2965 scopo
578 2907 679 2949 mihi
708 2922 791 2949 non
831 2907 1046 2949 aberrasse
1089 2905 1273 2959 videtur3
1323 2906 1570 2949 adiumentis
1608 2923 1714 2965 quae
1752 2908 1925 2951 aderant
