2086 3375
985 277 1233 318 -6-

331 409 400 451 Ol.
431 408 469 449 9.
499 413 570 449 str.
600 406 638 446 4.
668 406 703 447 6.
736 405 773 446 8.
809 404 872 445 12.
911 403 988 460 Py.
1020 403 1058 444 2.
1098 417 1161 459 cp.
1193 403 1232 444 2.
1270 402 1390 445 Nem.
1422 405 1460 445 2.
1499 412 1570 447 str.
1615 407 1652 448 3.
1693 406 1811 449 Nem.
1851 407 1890 448 4.

331 484 402 518 str.
434 476 471 517 6.
503 475 624 516 Nem.
655 474 693 515 6.
726 480 797 514 str.
829 473 865 514 3.
900 487 962 528 ep.
995 471 1032 512 8.
1066 471 1212 512 Isthm.
1241 471 1277 512 7.
1310 479 1383 513 str.
1410 473 1448 514 5.
1481 488 1545 530 ep.
1579 475 1620 517 5.
1651 482 1721 517 aut
1751 477 1888 517 iambo

331 546 374 587 in
406 543 493 587 basi
525 548 767 585 conservato
795 542 1175 600 c—s—'ee—
1191 581 1236 584 —
1199 539 1337 583 Ol.
1359 542 1394 583 1.
1426 548 1498 583 str.
1523 543 1561 586 1.
1590 542 1668 601 Py.
1693 543 1731 587 8.
1764 558 1829 601 ep.
1850 543 1889 585 9.

333 614 454 655 Nem.
486 613 524 654 2.
564 618 635 652 str.
670 613 705 651 1.
761 611 935 651 Accedit
973 625 1117 651 versus
1148 624 1232 649 una
1261 610 1425 665 syllaba
1458 611 1587 667 longa
1624 612 1781 653 auctior
1811 612 1889 667 Py.

333 683 372 723 2.
406 688 477 723 str.
514 681 553 723 3.
593 679 673 736 Py.
710 680 747 720 8.
780 694 842 736 ep.
876 679 914 720 5.
953 678 1297 735 —Zs—'ceffl
1366 716 1411 720 -.
1434 711 1491 731 -,
1533 679 1683 722 deinde
1723 680 1890 737 phalae-

332 766 427 793 ceus
459 749 834 809 hendecasyllabus
863 787 909 791 ,.
1316 721 1344 734 ω

1280 787 1327 790 -
1388 777 1485 804 —3
1517 749 1585 792 Ol.
1615 750 1653 791 9.
1681 756 1752 790 str.
1783 750 1821 791 3.
1852 749 1891 789 2.

929 752 1266 805 vl—uu—‘v
1343 792 1372 804 υ

334 821 983 879 -ggdl-‘UU-U-U-U-
1027 818 1168 859 lsthm.
1199 818 1237 858 7.
1269 831 1330 873 ep.
1369 819 1401 858 1.
1449 817 1604 859 Versus
1637 817 1708 872 qui
1735 823 1891 858 restant

333 893 561 947 -vlss
574 887 866 944 ψ--Ι-ὐ
885 886 1155 929 --Nem
1198 887 1236 929 8
1292 885 1377 928 Str.
1420 888 1526 929 let

333 931 729 1017 dU-l—:ffl
762 956 839 1033 Py.
884 956 922 996 ὃ.
971 969 1032 1011 ep.
1083 954 1148 996 10.
1203 953 1349 994 Isthm.
1386 953 1422 1005 8,
1466 954 1515 996 13
1553 954 1610 995 ita
1649 955 1796 1012 accipit
1835 955 1890 999 G.

334 1030 618 1079 HermannuS,
664 1033 708 1067 ut
753 1025 951 1082 priorem
978 1023 1095 1063 illum
1136 1037 1159 1064 e
1197 1022 1465 1078 pherecratco
1510 1022 1760 1080 dipodiaque
1808 1031 1890 1066 tro-

334 1098 488 1150 chaica,
533 1096 710 1137 alterum
753 1095 863 1135 hunc
904 1108 926 1134 e
968 1092 1174 1148 glyconeo
1218 1098 1258 1132 et
1296 1091 1537 1133 choriambo
1568 1099 1756 1135 constare
1785 1093 1892 1135 arbi-

266 1177 271 1184 ·
335 1174 477 1208 tretur.
548 1165 600 1205 In
641 1165 719 1205 hoc
761 1170 900 1203 tamen
943 1163 1073 1202 altero
1117 1175 1238 1201 versu
1304 1160 1551 1216 explicando
1594 1161 1681 1201 falli
1732 1162 1893 1203 videtur

334 1235 400 1276 vir
430 1232 700 1284 doctissimus,
739 1245 883 1273 verum
928 1230 960 1270 si
1003 1229 1253 1285 quaerimuS,
1297 1227 1408 1284 quod
1447 1242 1529 1269 non
1569 1236 1754 1285 apparet,
1793 1230 1890 1286 quid

332 1304 410 1344 sibi
437 1302 538 1343 velit
563 1302 793 1356 glyconeus
818 1300 896 1339 hoc
914 1298 1037 1339 modo
1054 1298 1253 1339 formatus
1276 1335 1321 1338 -ῄ
1337 1325 1408 1351 c:
1427 1335 1473 1338 Α
1489 1341 1517 1354 ν
1532 1344 1561 1355 υ
1576 1336 1623 1339 —
1641 1339 1670 1352 v
1689 1330 1747 1350 -‚
1776 1314 1894 1356 prae-

334 1371 478 1414 sertim
509 1385 603 1410 cum
631 1384 706 1425 per
736 1383 779 1409 se
809 1366 919 1408 basis
960 1366 1167 1422 dactylica
1210 1365 1252 1407 in
1291 1365 1498 1422 glyconeo
1539 1381 1623 1408 non
1657 1367 1709 1408 sit
1750 1367 1895 1409 usitata

335 1448 377 1483 ct
407 1441 537 1481 altera
568 1438 654 1480 eius
686 1437 851 1493 syllaba
878 1435 1058 1492 ancipite
1088 1434 1298 1491 quomodo
1316 1435 1546 1491 glyconcus
1567 1435 1781 1489 efficiatur,
1812 1451 1894 1477 non

334 1513 546 1566 appareat.
607 1505 749 1557 Quare
780 1503 973 1560 equidem
1004 1518 1165 1555 censeo,
1198 1517 1365 1544 versum
1395 1503 1449 1545 ita
1481 1504 1615 1559 potius
1646 1518 1735 1546 csse
1764 1504 1894 1561 ezpli-

337 1577 530 1629 candum,
560 1582 606 1617 ut
636 1580 888 1630 agnoscatur
918 1588 1061 1616 versus
1092 1572 1269 1614 alcaicus
1300 1572 1590 1629 decasyllabus
1627 1572 1713 1615 sive
1743 1572 1894 1615 Pinda—

337 1646 447 1689 ricus
480 1643 711 1701 dactylicus
742 1642 813 1699 qui
845 1641 1009 1695 dicitur,
1039 1641 1153 1682 cuius
1185 1641 1378 1698 exemplo
1397 1656 1540 1682 omnes
1561 1641 1769 1683 clausulae
1792 1649 1895 1684 stro-

337 1715 447 1773 phae
477 1712 656 1754 alcaicae
685 1717 794 1752 sunt.
853 1711 892 1751 A
933 1710 1121 1752 versibus
1152 1710 1367 1766 dactylicis
1398 1710 1537 1766 pergit
1578 1710 1630 1751 ad
1671 1718 1894 1766 cognatum

337 1782 501 1825 numeri
543 1795 677 1835 genus
723 1779 1043 1835 anapaesticum,
1089 1794 1142 1820 ex
1186 1794 1269 1834 quo
1312 1779 1420 1819 hanc
1466 1778 1675 1820 constituit
1719 1779 1894 1822 formam

336 1849 623 1907 logaoedicam
654 1888 726 1903 ..e
740 1868 983 1902 UUUUU
1003 1868 1049 1889 >L
1083 1845 1151 1888 Ol.
1183 1846 1222 1887 9.
1259 1852 1330 1887 str.
1364 1847 1383 1886 1
1418 1845 1676 1903 eandemque
1712 1848 1893 1904 figuram

336 1917 485 1958 leviter
516 1923 718 1958 mutatam
749 1954 795 1957 m
827 1936 1109 1969 ,μνϋ-ᾼυ-
1141 1914 1209 1957 Ol.
1232 1916 1268 1956 l.
1300 1930 1363 1970 ep.
1383 1915 1421 1956 8.
1466 1914 1767 1960 Secundariam
1786 1919 1893 1959 hanc

337 1999 425 2027 esse
453 1991 593 2026 censet
622 1983 679 2025 ita
710 1983 878 2040 quidem
909 1988 1207 2040 comparatam,
1236 1989 1280 2024 ut
1308 1982 1522 2038 logaocdis
1552 1984 1735 2026 trochaei
1749 1984 1892 2027 adiun-

335 2060 492 2108 gantur
533 2053 600 2095 Ol.
643 2053 680 2094 9.
726 2068 791 2109 ep.
830 2054 870 2092 4.
924 2091 964 2094 .--
987 2074 1019 2092 „L
1043 2089 1080 2092 ᾖ
1105 2090 1146 2093 „a
1170 2087 1203 2098 ψ
1224 2086 1257 2098 ψ
1275 2074 1316 2096 ,4
1338 2087 1370 2098 ν
1395 2092 1425 2094 -
1449 2052 1465 2100 l
1490 2074 1530 2095 ,ι
1549 2086 1594 2098 ...-
1647 2052 1764 2096 Haec
1807 2055 1892 2097 fere

336 2121 631 2175 Hermannus3
673 2123 887 2164 videamus
926 2120 1186 2162 Boeckhium
1226 2122 1296 2176 qui
1338 2122 1411 2162 hos
1448 2137 1593 2163 versus
1630 2121 1891 2178 logaoedicos

335 2205 430 2231 cum
460 2189 687 2246 dactylicos
717 2197 805 2232 tum
835 2189 1116 2246 anapaesticus
1147 2189 1302 2232 statuit.
1361 2189 1427 2231 Ac
1456 2190 1567 2232 locos
1607 2189 1792 2246 singulos
1834 2192 1891 2234 af-

336 2257 498 2310 ferendi
529 2259 696 2314 negotio
728 2257 1000 2314 supersedere
1031 2258 1132 2298 mihi
1164 2258 1297 2308 liceat,
1340 2273 1433 2298 cum
1462 2258 1505 2298 in
1533 2258 1643 2299 illius
1675 2259 1752 2300 viri
1783 2260 1891 2302 docti

336 2341 462 2383 opere
491 2328 706 2383 praeclaro
738 2328 892 2383 optime
924 2328 1097 2369 collecta
1128 2327 1327 2369 invenias.

451 2390 571 2446 Quae
601 2394 653 2437 de
683 2394 928 2437 formatione
960 2395 1297 2452 logaoedicorum
1337 2394 1529 2436 ordinum
1571 2397 1759 2439 constitui
1798 2413 1891 2456 pos-

336 2472 444 2514 sunt,
492 2471 589 2504 sunt
634 2464 747 2504 haec.
809 2464 983 2504 Constat
1025 2464 1255 2505 Pindarum
1302 2463 1345 2503 in
1396 2464 1582 2505 versibus
1640 2466 1890 2520 logaoedicis

336 2531 545 2588 fingendis
590 2531 642 2572 ad
687 2531 937 2573 aeolieorum
984 2537 1201 2589 poetarum
1253 2530 1592 2574 consuetudinem
1639 2549 1682 2576 se
1733 2549 1889 2577 accom-

335 2600 525 2642 modasse
562 2614 640 2642 nec
674 2600 851 2641 multum
894 2601 936 2641 in
979 2601 1058 2642 hoc
1100 2615 1255 2657 genere
1291 2615 1476 2642 novasse.
1533 2601 1763 2645 Perbreves
1802 2619 1889 2647 esse

334 2668 467 2710 solere
507 2667 673 2710 ordines
714 2683 798 2709 uno
838 2667 961 2710 niodo
1006 2667 1172 2724 dactylo
1213 2668 1357 2725 posito.
1419 2667 1625 2725 Glyconei
1663 2678 1703 2713 et
1742 2655 1890 2728 phere:

335 2736 475 2798 cratei,
526 2750 572 2777 ut
616 2772 649 2783 ψ
677 2758 720 2779 -ι,
750 2774 779 2777 .-
822 2771 1105 2784 VVVVV
1117 2769 1126 2789 ,
1171 2758 1208 2777 ne
1243 2772 1591 2784 vvvvvv
1646 2738 1714 2782 Ol
1773 2741 1886 2792 1‚1

334 2794 564 2847 choriambi
604 2820 698 2847 cum
741 2805 838 2859 basi,
879 2814 926 2849 ut
955 2842 1265 2854 ------
1351 2828 1415 2853 χ.
1434 2843 1465 2854 v
1488 2845 1535 2850 m
1555 2844 1588 2855 υ
1611 2848 1645 2850 -,
1652 2808 1888 2866 ‚dactylus

336 2872 424 2914 basi
464 2887 609 2915 carens
657 2874 940 2931 compluribus
989 2875 1194 2918 trochaeis
1230 2841 1458 2918 *adiunctus
1504 2875 1572 2922 Ol.
1620 2877 1725 2931 5,1
1777 2878 1887 2935 apud

336 2940 564 2983 Pindarum
605 2950 701 2983 sunt
737 2943 1003 2987 usitatissimi.
1064 2944 1197 2985 Porro
1237 2945 1503 3003 exploratum
1533 2952 1607 2998 est,
1647 2946 1816 3002 bipedes
1848 2954 1889 2988 ct
