2086 3358
937 268 1219 312 ...25-

309 393 457 448 spuriis
497 395 607 450 apud
648 395 906 452 Aeschylum
949 411 991 452 p.
1028 396 1066 437 8.
1106 396 1261 453 Opusc.
1295 396 1334 437 ll
1365 413 1404 453 p.
1437 397 1482 437 81
1520 412 1603 453 seq.
1665 397 1858 453 Engerus

309 461 419 514 dicit,
459 462 501 503 in
541 461 752 506 Medicaeo
791 478 875 506 non
916 464 1049 506 inesse
1091 464 1315 521 ἕρρανται,
1354 464 1426 507 sed
1468 465 1657 516 ἄπαιδες
1700 467 1861 522 ἐραδαι

310 530 513 587 μονιᾶχης
555 534 722 587 'spadam
754 539 934 574 mutasse
964 532 1221 589 Byzantinos
1252 533 1294 574 in
1327 534 1511 589 ἓρανται
1541 534 1605 575 vel
1649 534 1860 590 ἔρρανται

308 600 351 639 ἐν
380 600 574 655 δάκρυσι.
616 599 734 642 Haec
764 601 894 642 altera
924 607 1062 643 tamen
1090 601 1247 658 Engeri
1281 602 1484 643 sententia
1511 601 1611 643 mihi
1642 616 1725 643 non
1756 602 1855 643 arri-

308 666 389 719 det,
412 682 506 709 cum
529 667 759 710 desiderem
783 677 1029 725 argumenta
1057 670 1286 712 necessaria
1309 670 1582 725 firmaturque
1608 685 1700 712 mea
1720 670 1859 726 opinio

310 748 357 776 eo
395 734 518 776 etiam
556 743 803 791 argumento
840 736 951 794 quod
994 737 1187 794 Engerus
1226 737 1420 795 proponit
1461 744 1598 779 textus
1642 737 1775 794 qualis
1816 737 1859 779 in

308 802 448 844 codice
477 802 689 845 Medicaco
717 805 825 846 inest
853 807 961 846 hanc
990 805 1329 847 delineationem:
1360 806 1542 856 ἄπαιδες
1572 806 1861 862 ἐραδαειβμονι

309 870 405 927 ἄχη.
478 871 586 914 Cum
628 873 738 915 enim
781 874 933 915 lineam
979 874 1257 915 distinctivam
1302 882 1429 929 ponat
1474 874 1582 916 inter
1627 877 1775 930 ἐραδαι
1820 881 1861 916 et

311 938 506 997 μονιᾶχη,
547 939 633 997 ipse
672 940 980 997 quodammodo
1020 941 1121 983 mihi
1166 941 1403 998 significare
1448 940 1626 995 videtur,
1672 941 1859 984 codicum

309 1007 555 1065 scripturam
586 1012 753 1066 ἐραδαι
782 1010 1043 1052 retinendam
1082 1018 1123 1052 et
1161 1025 1235 1067 per
1272 1025 1318 1052 se
1358 1026 1446 1052 esse
1486 1010 1767 1068 spectandam,
1805 1012 1861 1051 ita

312 1083 357 1119 ut
386 1077 472 1120 eius
502 1078 666 1122 litterae
696 1094 789 1120 cum
820 1079 867 1121 iis
898 1093 1004 1135 quae
1035 1086 1266 1135 sequuntur
1293 1079 1396 1120 nihil
1438 1080 1592 1122 habere
1634 1079 1862 1121 censendae

308 1144 391 1188 sint
420 1160 638 1189 commune
668 1161 804 1203 neque
831 1147 1069 1203 intelligere
1099 1160 1218 1203 queo,
1262 1161 1336 1188 cur
1366 1146 1561 1203 Engerus
1602 1147 1758 1190 litteras
1788 1149 1862 1190 δαι

312 1230 335 1254 a
365 1229 466 1256 voce
495 1217 679 1270 δαιμόνι’
708 1217 985 1271 subsequente
1013 1216 1221 1257 traductas
1260 1230 1348 1257 csse
1389 1216 1441 1256 ad
1480 1216 1656 1257 verbum
1697 1218 1863 1270 ἐραδαι

312 1282 563 1338 praecedens
594 1283 828 1325 contendat.
889 1283 956 1325 Ac
984 1298 1036 1332 ne
1067 1283 1119 1325 de
1152 1283 1395 1338 Byzantinis
1427 1283 1596 1339 quidem
1627 1284 1728 1326 certi
1759 1284 1859 1340 quid

309 1350 448 1402 tradit,
479 1351 551 1392 sed
581 1351 710 1393 solam
741 1352 899 1408 profert
927 1366 1044 1393 suam
1063 1351 1340 1393 coniecturam
1357 1351 1615 1406 argumentis
1635 1359 1858 1404 carentem,

311 1418 510 1460 assentior
540 1426 682 1469 contra
713 1420 761 1473 ei,
793 1419 904 1476 quod
922 1426 1100 1462 metrum
1119 1419 1265 1461 violari
1285 1420 1412 1462 verbo
1431 1419 1615 1476 ἕρανται
1632 1420 1857 1473 contendit,

310 1486 382 1529 sed
411 1502 504 1528 cum
532 1503 608 1544 pro
639 1495 751 1530 certo
781 1490 832 1529 sit
861 1488 1112 1540 habendum,
1158 1487 1397 1544 saepissime
1428 1487 1612 1530 Graecos
1643 1488 1724 1529 iam
1757 1488 1862 1530 anti-

310 1556 522 1611 quioribus
553 1557 805 1613 temporibus
840 1550 1043 1612 ἒρρανται
1075 1556 1284 1612 scripsisse
1314 1556 1340 1597 i.
1370 1571 1404 1598 e.
1442 1564 1535 1612 post
1573 1558 1737 1600 vocales
1779 1558 1852 1599 du-

312 1624 461 1680 plicem
509 1625 691 1667 litteram
731 1642 753 1681 ρ
790 1624 989 1682 posuisse,
1035 1624 1092 1666 ita
1132 1631 1177 1666 ut
1224 1623 1402 1666 Romani
1446 1632 1539 1681 post
1582 1627 1771 1667 voculam
1817 1640 1863 1668 re

311 1693 449 1735 verbis
481 1693 709 1750 praefixam
739 1700 927 1750 repetere
955 1693 1145 1735 solebant
1182 1699 1468 1745 consonantes,
1512 1701 1557 1735 ut
1597 1694 1774 1751 reppuli,
1820 1702 1864 1736 ut

313 1761 478 1814 rettudi,
508 1762 555 1803 fit
584 1769 629 1803 ut
658 1762 698 1802 in
731 1762 810 1802 hac
838 1776 884 1803 re
915 1776 1009 1802 cum
1040 1761 1210 1817 Eugero
1241 1761 1507 1802 consentiam.
1569 1762 1693 1812 Quod
1725 1769 1861 1805 tamen

313 1829 423 1871 idem
454 1829 518 1871 vir
548 1822 804 1872 doctissimus
832 1829 1054 1883 contendit,
1084 1831 1287 1885 ἔρρωνται
1306 1829 1438 1871 tribus
1455 1829 1507 1871 de
1522 1830 1666 1883 causis,
1698 1838 1868 1888 propter

313 1898 502 1951 formam,
545 1898 836 1956 significatum,
876 1899 1039 1941 dicendi
1070 1900 1272 1941 rationem
1302 1913 1386 1940 non
1419 1899 1663 1940 concinnam
1696 1900 1865 1942 reicien-

315 1966 409 2008 dam
440 1982 541 2020 esse,
581 1967 839 2010 detrahenda
870 1970 930 2010 est
960 1967 1062 2009 haec
1094 1966 1243 2023 opinio.
1304 1965 1457 2009 Forma
1487 1967 1597 2009 enim
1634 1976 1674 2010 et
1712 1968 1868 2024 signifi-

314 2042 427 2077 catus
456 2050 532 2093 per
562 2051 606 2078 se
633 2036 738 2077 nihil
769 2037 925 2078 habent
965 2035 1322 2093 reprehensionis3
1367 2035 1478 2091 quod
1509 2035 1704 2091 Engerus
1744 2037 1867 2080 tertio

312 2106 403 2147 loco
435 2104 573 2157 tradit,
603 2105 881 2161 responsionis
910 2105 1026 2160 leges
1056 2104 1165 2145 inter
1194 2104 1360 2159 singula
1377 2105 1504 2145 verba
1523 2105 1749 2146 servandas
1766 2121 1869 2158 esse,

313 2189 407 2215 cum
437 2188 489 2215 ex
518 2173 776 2230 antistropha
806 2179 1014 2230 appareat,
1045 2173 1096 2215 ab
1126 2173 1205 2215 hoc
1235 2187 1358 2215 versu
1392 2187 1543 2214 novam
1573 2172 1756 2230 incipere
1776 2188 1868 2217 sen-

316 2243 497 2294 tentiam,
537 2243 705 2283 modum
738 2242 780 2283 in
812 2243 889 2283 hac
920 2257 965 2283 re
995 2242 1096 2283 mihi
1128 2241 1350 2283 excessisse
1378 2241 1558 2283 videtur.
1618 2241 1714 2283 Non
1758 2244 1868 2284 enim

313 2311 503 2363 arbitror,
535 2311 590 2352 ita
621 2311 759 2352 omnia
789 2310 841 2351 ad
874 2318 1028 2352 certam
1059 2310 1268 2367 quandam
1299 2310 1605 2367 compositionis
1635 2310 1773 2365 legem
1801 2326 1864 2352 ac-

315 2380 595 2422 commodasse
624 2385 765 2436 poe'tas
792 2380 972 2435 tragicos
1003 2380 1255 2435 minimeque
1273 2379 1547 2435 Aeschylum,
1578 2393 1722 2421 eorum
1755 2380 1867 2436 prin-

315 2449 460 2505 cipem,
491 2455 536 2488 ut
566 2448 778 2489 enuntiata
807 2448 988 2489 existant
1018 2448 1218 2489 concinna
1238 2447 1546 2502 verborumque
1566 2447 1639 2488 fiat
1660 2448 1866 2503 quaedam

314 2516 366 2557 ad
396 2531 616 2558 numerum
647 2515 867 2557 conclusio.
910 2515 1072 2557 Deinde
1102 2516 1201 2556 vitia
1232 2516 1284 2556 ab
1303 2515 1473 2571 Engero
1497 2515 1539 2555 in
1565 2515 1709 2557 metris
1739 2516 1867 2557 anim-

315 2585 490 2627 adversa
520 2585 656 2638 reicio,
696 2600 788 2626 cum
820 2585 967 2626 lacuna
997 2592 1091 2641 post
1120 2587 1410 2641 πρωτόμοιροι
1440 2586 1491 2625 ab
1524 2599 1572 2626 eo
1603 2592 1754 2626 statuta
1786 2601 1867 2626 non

315 2653 507 2695 videatur
532 2652 800 2704 admittenda,
832 2652 941 2708 quod
958 2660 1125 2709 recepta
1146 2652 1374 2694 Hermanni
1391 2652 1567 2694 lectione
1581 2654 1869 2710 πρωτόμοιροι

314 2737 458 2764 versus
490 2711 1061 2780 Ridffi—{9{}5Toivdpoapoo
1098 2721 1362 2778 logaoedicus
1408 2721 1507 2762 mihi
1552 2721 1701 2779 placet,
1745 2737 1866 2764 versu

314 2791 610 2849 antistropbico
640 2793 937 2848 γναπτόμενοι
966 2793 1010 2834 δὲ
1049 2792 1153 2847 δίνᾳ
1193 2805 1309 2833 meae
1340 2790 1567 2833 sentcntiae
1607 2790 1870 2834 assentiente.

315 2860 491 2904 Silentio
522 2869 661 2904 tamen
688 2860 789 2902 mihi
820 2875 902 2902 non
919 2859 1195 2917 premendum
1215 2866 1288 2912 est,
1317 2858 1426 2914 quod
1444 2858 1607 2915 syllaba
1625 2860 1676 2900 ab
1697 2859 1868 2915 Engcro

315 2929 547 2972 desiderata
576 2930 609 2971 si
639 2929 682 2971 in
713 2936 875 2972 textum
903 2929 1112 2988 recipitur,
1145 2928 1346 2986 rhythmo
1376 2928 1564 2985 paullulo
1593 2936 1754 2970 tantum
1779 2944 1868 2973 mu·
