<?xml version="1.0" encoding="UTF-8"?>
<!DOCTYPE html PUBLIC "-//W3C//DTD XHTML 1.0 Transitional//EN"
    "http://www.w3.org/TR/xhtml1/DTD/xhtml1-transitional.dtd">
<html xmlns="http://www.w3.org/1999/xhtml" xml:lang="en" lang="en">
 <head>
  <title>
</title>
<meta http-equiv="Content-Type" content="text/html;charset=utf-8" />
  <meta name='ocr-system' content='tesseract 3.04.00' />
  <meta name='ocr-capabilities' content='ocr_page ocr_carea ocr_par ocr_line ocrx_word'/>
</head>
<body>
  <div class='ocr_page' id='page_1' title='image "./4630380_0030.png"; bbox 0 0 2086 3375; ppageno 0'>
   <div class='ocr_carea' id='block_1_1' title="bbox 1018 226 1300 269">
    <p class='ocr_par' dir='ltr' id='par_1_1' title="bbox 1018 226 1300 269">
     <span class='ocr_line' id='line_1_1' title="bbox 1018 226 1300 269; baseline 0 -10"><span class='ocrx_word' id='word_1_1' title='bbox 1018 226 1300 269; x_wconf 70' lang='lat'>...20-</span> 
     </span>
    </p>
   </div>
   <div class='ocr_carea' id='block_1_2' title="bbox 380 353 1938 2929">
    <p class='ocr_par' dir='ltr' id='par_1_2' title="bbox 380 353 1938 2929">
     <span class='ocr_line' id='line_1_2' title="bbox 384 353 1936 413; baseline -0.003 -15"><span class='ocrx_word' id='word_1_2' title='bbox 384 355 540 411; x_wconf 88' lang='lat' dir='ltr'><strong>ubique</strong></span> <span class='ocrx_word' id='word_1_3' title='bbox 568 355 799 398; x_wconf 85' lang='lat' dir='ltr'><strong>trochaicos</strong></span> <span class='ocrx_word' id='word_1_4' title='bbox 828 368 973 397; x_wconf 82' lang='lat' dir='ltr'><strong>versus</strong></span> <span class='ocrx_word' id='word_1_5' title='bbox 1003 354 1048 395; x_wconf 86' lang='lat' dir='ltr'><strong>in</strong></span> <span class='ocrx_word' id='word_1_6' title='bbox 1077 354 1261 396; x_wconf 88' lang='lat' dir='ltr'><strong>medium</strong></span> <span class='ocrx_word' id='word_1_7' title='bbox 1290 353 1437 396; x_wconf 84' lang='lat' dir='ltr'><strong>afferat</strong></span> <span class='ocrx_word' id='word_1_8' title='bbox 1474 353 1663 397; x_wconf 86' lang='lat' dir='ltr'><strong>anacrusi</strong></span> <span class='ocrx_word' id='word_1_9' title='bbox 1699 353 1936 413; x_wconf 87' lang='lat' dir='ltr'><strong>praemissa.</strong></span> 
     </span>
     <span class='ocr_line' id='line_1_3' title="bbox 385 421 1936 481; baseline -0.002 -15"><span class='ocrx_word' id='word_1_10' title='bbox 385 424 530 481; x_wconf 82' lang='lat' dir='ltr'><strong>Atque</strong></span> <span class='ocrx_word' id='word_1_11' title='bbox 549 424 653 468; x_wconf 83' lang='lat' dir='ltr'><strong>haec</strong></span> <span class='ocrx_word' id='word_1_12' title='bbox 677 422 846 480; x_wconf 90' lang='lat' dir='ltr'><strong>quidem</strong></span> <span class='ocrx_word' id='word_1_13' title='bbox 864 421 961 465; x_wconf 86' lang='lat' dir='ltr'><strong>ficta</strong></span> <span class='ocrx_word' id='word_1_14' title='bbox 987 421 1125 480; x_wconf 87' lang='lat' dir='ltr'><strong>opinio</strong></span> <span class='ocrx_word' id='word_1_15' title='bbox 1149 436 1198 465; x_wconf 92' lang='lat' dir='ltr'><strong>eo</strong></span> <span class='ocrx_word' id='word_1_16' title='bbox 1216 421 1351 479; x_wconf 84' lang='lat' dir='ltr'><strong>magis</strong></span> <span class='ocrx_word' id='word_1_17' title='bbox 1373 421 1583 465; x_wconf 90' lang='lat' dir='ltr'><strong>reicienda</strong></span> <span class='ocrx_word' id='word_1_18' title='bbox 1605 429 1668 465; x_wconf 77' lang='lat' dir='ltr'><strong>est</strong></span> <span class='ocrx_word' id='word_1_19' title='bbox 1693 428 1782 464; x_wconf 92' lang='lat' dir='ltr'><strong>tum</strong></span> <span class='ocrx_word' id='word_1_20' title='bbox 1807 436 1936 478; x_wconf 90' lang='lat' dir='ltr'><strong>quum</strong></span> 
     </span>
     <span class='ocr_line' id='line_1_4' title="bbox 385 490 1936 546; baseline -0.002 -14"><span class='ocrx_word' id='word_1_21' title='bbox 385 492 551 533; x_wconf 84' lang='lat' dir='ltr'>ordines</span> <span class='ocrx_word' id='word_1_22' title='bbox 573 492 769 532; x_wconf 84' lang='lat' dir='ltr'><strong>facillime</strong></span> <span class='ocrx_word' id='word_1_23' title='bbox 793 497 952 546; x_wconf 89' lang='lat' dir='ltr'><strong>queunt</strong></span> <span class='ocrx_word' id='word_1_24' title='bbox 975 491 1099 531; x_wconf 88' lang='lat' dir='ltr'><strong>statui</strong></span> <span class='ocrx_word' id='word_1_25' title='bbox 1117 490 1343 542; x_wconf 87' lang='lat' dir='ltr'><strong>acatalecti,</strong></span> <span class='ocrx_word' id='word_1_26' title='bbox 1373 497 1420 531; x_wconf 90' lang='lat' dir='ltr'><strong>ut</strong></span> <span class='ocrx_word' id='word_1_27' title='bbox 1433 491 1513 532; x_wconf 88' lang='lat' dir='ltr'><strong>hoc</strong></span> <span class='ocrx_word' id='word_1_28' title='bbox 1528 491 1631 532; x_wconf 92' lang='lat' dir='ltr'><strong>loco.</strong></span> <span class='ocrx_word' id='word_1_29' title='bbox 1675 490 1816 540; x_wconf 84' lang='lat' dir='ltr'>Quare</span> <span class='ocrx_word' id='word_1_30' title='bbox 1834 490 1936 530; x_wconf 93' lang='lat' dir='ltr'><strong>Din-</strong></span> 
     </span>
     <span class='ocr_line' id='line_1_5' title="bbox 385 557 1936 616; baseline -0.001 -15"><span class='ocrx_word' id='word_1_31' title='bbox 385 559 540 602; x_wconf 89' lang='lat' dir='ltr'><strong>dorfius</strong></span> <span class='ocrx_word' id='word_1_32' title='bbox 569 573 662 603; x_wconf 89' lang='lat' dir='ltr'><strong>mea</strong></span> <span class='ocrx_word' id='word_1_33' title='bbox 690 558 860 616; x_wconf 90' lang='lat' dir='ltr'><strong>quidem</strong></span> <span class='ocrx_word' id='word_1_34' title='bbox 889 557 1093 602; x_wconf 86' lang='lat' dir='ltr'><strong>sententia</strong></span> <span class='ocrx_word' id='word_1_35' title='bbox 1123 557 1274 601; x_wconf 86' lang='lat' dir='ltr'><strong>rectius</strong></span> <span class='ocrx_word' id='word_1_36' title='bbox 1303 557 1426 600; x_wconf 88' lang='lat' dir='ltr'><strong>huius</strong></span> <span class='ocrx_word' id='word_1_37' title='bbox 1456 558 1654 616; x_wconf 79' lang='lat' dir='ltr'><strong>strophae</strong></span> <span class='ocrx_word' id='word_1_38' title='bbox 1681 565 1814 602; x_wconf 90' lang='lat' dir='ltr'><strong>metra</strong></span> <span class='ocrx_word' id='word_1_39' title='bbox 1843 572 1936 615; x_wconf 88' lang='lat' dir='ltr'><strong>per·</strong></span> 
     </span>
     <span class='ocr_line' id='line_1_6' title="bbox 383 626 1938 684; baseline -0.001 -15"><span class='ocrx_word' id='word_1_40' title='bbox 383 629 569 684; x_wconf 85' lang='lat' dir='ltr'><strong>spexisse</strong></span> <span class='ocrx_word' id='word_1_41' title='bbox 587 627 765 679; x_wconf 81' lang='lat' dir='ltr'><strong>videtur,</strong></span> <span class='ocrx_word' id='word_1_42' title='bbox 792 641 922 683; x_wconf 91' lang='lat' dir='ltr'><strong>quum</strong></span> <span class='ocrx_word' id='word_1_43' title='bbox 939 640 1105 668; x_wconf 86' lang='lat' dir='ltr'><strong>versum</strong></span> <span class='ocrx_word' id='word_1_44' title='bbox 1122 627 1512 683; x_wconf 30' lang='lat' dir='ltr'><strong>primum,:sextum,</strong></span> <span class='ocrx_word' id='word_1_45' title='bbox 1530 626 1761 682; x_wconf 85' lang='lat' dir='ltr'><strong>septimum.</strong></span> <span class='ocrx_word' id='word_1_46' title='bbox 1772 632 1938 668; x_wconf 88' lang='lat' dir='ltr'><strong>censeat</strong></span> 
     </span>
     <span class='ocr_line' id='line_1_7' title="bbox 385 693 1937 752; baseline -0.003 -13"><span class='ocrx_word' id='word_1_47' title='bbox 385 711 474 739; x_wconf 88' lang='lat' dir='ltr'><strong>esse</strong></span> <span class='ocrx_word' id='word_1_48' title='bbox 494 695 691 739; x_wconf 89' lang='lat' dir='ltr'><strong>dimetros</strong></span> <span class='ocrx_word' id='word_1_49' title='bbox 711 694 908 738; x_wconf 83' lang='lat' dir='ltr'><strong>iambicos</strong></span> <span class='ocrx_word' id='word_1_50' title='bbox 927 694 1017 738; x_wconf 86' lang='lat' dir='ltr'><strong>sive</strong></span> <span class='ocrx_word' id='word_1_51' title='bbox 1032 694 1330 752; x_wconf 85' lang='lat' dir='ltr'><strong>quaternarios.</strong></span> <span class='ocrx_word' id='word_1_52' title='bbox 1362 693 1541 738; x_wconf 81' lang='lat' dir='ltr'>Versum</span> <span class='ocrx_word' id='word_1_53' title='bbox 1563 694 1740 738; x_wconf 89' lang='lat' dir='ltr'><strong>alterum</strong></span> <span class='ocrx_word' id='word_1_54' title='bbox 1763 709 1850 738; x_wconf 86' lang='lat' dir='ltr'><strong>esse</strong></span> <span class='ocrx_word' id='word_1_55' title='bbox 1866 693 1937 736; x_wconf 88' lang='lat' dir='ltr'><strong>tri-</strong></span> 
     </span>
     <span class='ocr_line' id='line_1_8' title="bbox 384 762 1934 821; baseline -0.002 -15"><span class='ocrx_word' id='word_1_56' title='bbox 384 772 563 807; x_wconf 80' lang='lat' dir='ltr'><strong>metrum</strong></span> <span class='ocrx_word' id='word_1_57' title='bbox 594 763 815 805; x_wconf 91' lang='lat' dir='ltr'><strong>iambicum</strong></span> <span class='ocrx_word' id='word_1_58' title='bbox 840 763 1124 816; x_wconf 85' lang='lat' dir='ltr'><strong>acatalectum,</strong></span> <span class='ocrx_word' id='word_1_59' title='bbox 1154 778 1237 805; x_wconf 91' lang='lat' dir='ltr'><strong>non</strong></span> <span class='ocrx_word' id='word_1_60' title='bbox 1258 762 1536 821; x_wconf 82' lang='lat' dir='ltr'><strong>hexapodiam</strong></span> <span class='ocrx_word' id='word_1_61' title='bbox 1556 763 1808 804; x_wconf 78' lang='lat' dir='ltr'><strong>trochaicam</strong></span> <span class='ocrx_word' id='word_1_62' title='bbox 1827 769 1934 803; x_wconf 83' lang='lat' dir='ltr'><strong>cata-</strong></span> 
     </span>
     <span class='ocr_line' id='line_1_9' title="bbox 384 829 1934 887; baseline -0.002 -14"><span class='ocrx_word' id='word_1_63' title='bbox 384 833 571 874; x_wconf 85' lang='lat' dir='ltr'><strong>lecticam</strong></span> <span class='ocrx_word' id='word_1_64' title='bbox 589 846 683 873; x_wconf 88' lang='lat' dir='ltr'><strong>cum</strong></span> <span class='ocrx_word' id='word_1_65' title='bbox 702 832 905 884; x_wconf 86' lang='lat' dir='ltr'><strong>anacrusi,</strong></span> <span class='ocrx_word' id='word_1_66' title='bbox 936 838 982 873; x_wconf 89' lang='lat' dir='ltr'><strong>ut</strong></span> <span class='ocrx_word' id='word_1_67' title='bbox 998 831 1255 874; x_wconf 86' lang='lat' dir='ltr'><strong>Schmidtius</strong></span> <span class='ocrx_word' id='word_1_68' title='bbox 1276 830 1507 887; x_wconf 84' lang='lat' dir='ltr'><strong>distinguit,</strong></span> <span class='ocrx_word' id='word_1_69' title='bbox 1537 837 1676 873; x_wconf 89' lang='lat' dir='ltr'><strong>censet</strong></span> <span class='ocrx_word' id='word_1_70' title='bbox 1692 829 1934 871; x_wconf 87' lang='lat' dir='ltr'><strong>Dindorfius</strong></span> 
     </span>
     <span class='ocr_line' id='line_1_10' title="bbox 384 897 1935 956; baseline -0.001 -14"><span class='ocrx_word' id='word_1_71' title='bbox 384 916 452 943; x_wconf 90' lang='lat' dir='ltr'><strong>me</strong></span> <span class='ocrx_word' id='word_1_72' title='bbox 464 900 725 953; x_wconf 83' lang='lat' dir='ltr'><strong>assentiente,</strong></span> <span class='ocrx_word' id='word_1_73' title='bbox 739 914 833 941; x_wconf 88' lang='lat' dir='ltr'><strong>cum</strong></span> <span class='ocrx_word' id='word_1_74' title='bbox 846 900 1017 956; x_wconf 87' lang='lat' dir='ltr'><strong>stropha</strong></span> <span class='ocrx_word' id='word_1_75' title='bbox 1034 899 1123 956; x_wconf 90' lang='lat' dir='ltr'><strong>ipsa</strong></span> <span class='ocrx_word' id='word_1_76' title='bbox 1134 899 1186 941; x_wconf 93' lang='lat' dir='ltr'><strong>sit</strong></span> <span class='ocrx_word' id='word_1_77' title='bbox 1196 899 1382 940; x_wconf 85' lang='lat' dir='ltr'><strong>iambica.</strong></span> <span class='ocrx_word' id='word_1_78' title='bbox 1408 898 1657 941; x_wconf 82' lang='lat' dir='ltr'><strong>Coniectura</strong></span> <span class='ocrx_word' id='word_1_79' title='bbox 1669 913 1693 939; x_wconf 90' lang='lat' dir='ltr'><strong>a</strong></span> <span class='ocrx_word' id='word_1_80' title='bbox 1702 897 1935 941; x_wconf 88' lang='lat' dir='ltr'><strong>Schmidtio</strong></span> 
     </span>
     <span class='ocr_line' id='line_1_11' title="bbox 384 966 1934 1024; baseline -0.001 -14"><span class='ocrx_word' id='word_1_81' title='bbox 384 968 546 1024; x_wconf 89' lang='lat' dir='ltr'><strong>prolata</strong></span> <span class='ocrx_word' id='word_1_82' title='bbox 574 969 693 1024; x_wconf 82' lang='grc' dir='ltr'><strong><em>κόπῳ</em></strong></span> <span class='ocrx_word' id='word_1_83' title='bbox 721 982 769 1010; x_wconf 89' lang='lat' dir='ltr'><strong>ea</strong></span> <span class='ocrx_word' id='word_1_84' title='bbox 799 975 873 1020; x_wconf 89' lang='lat' dir='ltr'><strong>est,</strong></span> <span class='ocrx_word' id='word_1_85' title='bbox 905 975 952 1010; x_wconf 93' lang='lat' dir='ltr'><strong>ut</strong></span> <span class='ocrx_word' id='word_1_86' title='bbox 979 968 1078 1011; x_wconf 88' lang='lat' dir='ltr'><strong>reici</strong></span> <span class='ocrx_word' id='word_1_87' title='bbox 1103 967 1262 1010; x_wconf 88' lang='lat' dir='ltr'><strong>debeat.</strong></span> <span class='ocrx_word' id='word_1_88' title='bbox 1309 966 1406 1009; x_wconf 91' lang='lat' dir='ltr'><strong>Non</strong></span> <span class='ocrx_word' id='word_1_89' title='bbox 1421 967 1530 1009; x_wconf 91' lang='lat' dir='ltr'><strong>enim</strong></span> <span class='ocrx_word' id='word_1_90' title='bbox 1549 981 1640 1009; x_wconf 86' lang='lat' dir='ltr'><strong>mea</strong></span> <span class='ocrx_word' id='word_1_91' title='bbox 1657 966 1826 1022; x_wconf 89' lang='lat' dir='ltr'><strong>quidem</strong></span> <span class='ocrx_word' id='word_1_92' title='bbox 1842 982 1934 1010; x_wconf 90' lang='lat' dir='ltr'><strong>sen—</strong></span> 
     </span>
     <span class='ocr_line' id='line_1_12' title="bbox 385 1034 1934 1095; baseline -0.001 -16"><span class='ocrx_word' id='word_1_93' title='bbox 385 1036 513 1079; x_wconf 83' lang='lat' dir='ltr'><strong>tentia</strong></span> <span class='ocrx_word' id='word_1_94' title='bbox 532 1044 667 1095; x_wconf 90' lang='lat' dir='ltr'><strong>potest</strong></span> <span class='ocrx_word' id='word_1_95' title='bbox 692 1036 869 1094; x_wconf 86' lang='lat' dir='ltr'><strong>intelligi</strong></span> <span class='ocrx_word' id='word_1_96' title='bbox 902 1035 978 1079; x_wconf 84' lang='lat' dir='ltr'><strong>nisi</strong></span> <span class='ocrx_word' id='word_1_97' title='bbox 996 1036 1053 1080; x_wconf 88' lang='lat' dir='ltr'><strong>ita</strong></span> <span class='ocrx_word' id='word_1_98' title='bbox 1071 1044 1116 1079; x_wconf 91' lang='lat' dir='ltr'><strong>ut</strong></span> <span class='ocrx_word' id='word_1_99' title='bbox 1131 1051 1273 1080; x_wconf 89' lang='lat' dir='ltr'><strong>sensus</strong></span> <span class='ocrx_word' id='word_1_100' title='bbox 1294 1042 1604 1093; x_wconf 84' lang='lat' dir='ltr'><strong>extorqueatur.</strong></span> <span class='ocrx_word' id='word_1_101' title='bbox 1648 1034 1773 1087; x_wconf 85' lang='lat' dir='ltr'><strong>Quod</strong></span> <span class='ocrx_word' id='word_1_102' title='bbox 1791 1042 1934 1079; x_wconf 90' lang='lat' dir='ltr'><strong>contra</strong></span> 
     </span>
     <span class='ocr_line' id='line_1_13' title="bbox 385 1104 1934 1161; baseline -0.001 -15"><span class='ocrx_word' id='word_1_103' title='bbox 385 1106 575 1161; x_wconf 75' lang='grc' dir='ltr'><strong>ὀξύχειρι</strong></span> <span class='ocrx_word' id='word_1_104' title='bbox 598 1107 679 1148; x_wconf 76' lang='grc' dir='ltr'><strong>σὺν</strong></span> <span class='ocrx_word' id='word_1_105' title='bbox 695 1107 849 1161; x_wconf 82' lang='grc' dir='ltr'><strong>κτύπῳ</strong></span> <span class='ocrx_word' id='word_1_106' title='bbox 870 1106 903 1146; x_wconf 94' lang='lat' dir='ltr'><strong>si</strong></span> <span class='ocrx_word' id='word_1_107' title='bbox 921 1106 1087 1161; x_wconf 90' lang='lat' dir='ltr'><strong>legitur,</strong></span> <span class='ocrx_word' id='word_1_108' title='bbox 1117 1119 1259 1147; x_wconf 89' lang='lat' dir='ltr'><strong>sensus</strong></span> <span class='ocrx_word' id='word_1_109' title='bbox 1276 1105 1415 1147; x_wconf 83' lang='lat' dir='ltr'><strong>existit</strong></span> <span class='ocrx_word' id='word_1_110' title='bbox 1432 1105 1683 1147; x_wconf 89' lang='lat' dir='ltr'><strong>tolerandus.</strong></span> <span class='ocrx_word' id='word_1_111' title='bbox 1729 1104 1796 1146; x_wconf 91' lang='lat' dir='ltr'><strong>De</strong></span> <span class='ocrx_word' id='word_1_112' title='bbox 1811 1118 1934 1146; x_wconf 86' lang='lat' dir='ltr'><strong>versu</strong></span> 
     </span>
     <span class='ocr_line' id='line_1_14' title="bbox 385 1173 1935 1230; baseline 0 -16"><span class='ocrx_word' id='word_1_113' title='bbox 385 1175 594 1224; x_wconf 78' lang='grc' dir='ltr'><strong>διἀἰῶνος</strong></span> <span class='ocrx_word' id='word_1_114' title='bbox 633 1175 869 1230; x_wconf 74' lang='grc' dir='ltr'><strong>δ’ἰυγμοῑσι</strong></span> <span class='ocrx_word' id='word_1_115' title='bbox 905 1175 1113 1229; x_wconf 82' lang='grc' dir='ltr'><strong><em>βόσκεται</em></strong></span> <span class='ocrx_word' id='word_1_116' title='bbox 1150 1176 1249 1230; x_wconf 72' lang='grc' dir='ltr'><strong><em>κέαρ</em></strong></span> <span class='ocrx_word' id='word_1_117' title='bbox 1280 1173 1433 1215; x_wconf 88' lang='lat' dir='ltr'><strong>diutius</strong></span> <span class='ocrx_word' id='word_1_118' title='bbox 1464 1173 1645 1215; x_wconf 89' lang='lat' dir='ltr'><strong>dubitari</strong></span> <span class='ocrx_word' id='word_1_119' title='bbox 1674 1187 1758 1215; x_wconf 91' lang='lat' dir='ltr'><strong>non</strong></span> <span class='ocrx_word' id='word_1_120' title='bbox 1788 1179 1935 1230; x_wconf 90' lang='lat' dir='ltr'><strong>potest,</strong></span> 
     </span>
     <span class='ocr_line' id='line_1_15' title="bbox 384 1242 1934 1298; baseline 0 -16"><span class='ocrx_word' id='word_1_121' title='bbox 384 1256 515 1297; x_wconf 88' lang='lat' dir='ltr'><strong>quum</strong></span> <span class='ocrx_word' id='word_1_122' title='bbox 544 1248 724 1283; x_wconf 91' lang='lat' dir='ltr'><strong>metrum</strong></span> <span class='ocrx_word' id='word_1_123' title='bbox 754 1242 840 1283; x_wconf 89' lang='lat' dir='ltr'><strong>eius</strong></span> <span class='ocrx_word' id='word_1_124' title='bbox 870 1256 959 1284; x_wconf 91' lang='lat' dir='ltr'><strong>esse</strong></span> <span class='ocrx_word' id='word_1_125' title='bbox 990 1242 1252 1298; x_wconf 85' lang='lat' dir='ltr'><strong>exploratum</strong></span> <span class='ocrx_word' id='word_1_126' title='bbox 1276 1242 1329 1283; x_wconf 90' lang='lat' dir='ltr'><strong>sit</strong></span> <span class='ocrx_word' id='word_1_127' title='bbox 1344 1242 1400 1283; x_wconf 92' lang='lat' dir='ltr'><strong>ita</strong></span> <span class='ocrx_word' id='word_1_128' title='bbox 1419 1242 1704 1298; x_wconf 90' lang='lat' dir='ltr'><strong>compositum,</strong></span> <span class='ocrx_word' id='word_1_129' title='bbox 1733 1248 1780 1283; x_wconf 89' lang='lat' dir='ltr'><strong>ut</strong></span> <span class='ocrx_word' id='word_1_130' title='bbox 1799 1248 1934 1284; x_wconf 83' lang='lat' dir='ltr'><strong>osten-</strong></span> 
     </span>
     <span class='ocr_line' id='line_1_16' title="bbox 385 1308 1935 1366; baseline 0.001 -16"><span class='ocrx_word' id='word_1_131' title='bbox 385 1309 457 1351; x_wconf 90' lang='lat' dir='ltr'><strong>dat</strong></span> <span class='ocrx_word' id='word_1_132' title='bbox 484 1308 619 1365; x_wconf 90' lang='lat' dir='ltr'><strong>primo</strong></span> <span class='ocrx_word' id='word_1_133' title='bbox 647 1308 738 1351; x_wconf 88' lang='lat' dir='ltr'><strong>loco</strong></span> <span class='ocrx_word' id='word_1_134' title='bbox 768 1309 998 1362; x_wconf 86' lang='lat' dir='ltr'><strong>bacchium,</strong></span> <span class='ocrx_word' id='word_1_135' title='bbox 1031 1309 1161 1351; x_wconf 89' lang='lat' dir='ltr'><strong>altero</strong></span> <span class='ocrx_word' id='word_1_136' title='bbox 1191 1311 1401 1361; x_wconf 88' lang='lat' dir='ltr'><strong>creticum,</strong></span> <span class='ocrx_word' id='word_1_137' title='bbox 1431 1309 1551 1352; x_wconf 86' lang='lat' dir='ltr'><strong>tertio</strong></span> <span class='ocrx_word' id='word_1_138' title='bbox 1577 1309 1851 1366; x_wconf 85' lang='lat' dir='ltr'><strong>tetrapodiam</strong></span> <span class='ocrx_word' id='word_1_139' title='bbox 1870 1324 1935 1351; x_wconf 89' lang='lat' dir='ltr'><strong>ca-</strong></span> 
     </span>
     <span class='ocr_line' id='line_1_17' title="bbox 383 1376 1935 1434; baseline 0 -16"><span class='ocrx_word' id='word_1_140' title='bbox 383 1376 627 1419; x_wconf 75' lang='lat' dir='ltr'><strong>talecticam.</strong></span> <span class='ocrx_word' id='word_1_141' title='bbox 686 1376 917 1434; x_wconf 86' lang='lat' dir='ltr'><strong>Coniungit</strong></span> <span class='ocrx_word' id='word_1_142' title='bbox 947 1378 1012 1419; x_wconf 82' lang='lat' dir='ltr'><strong>vir</strong></span> <span class='ocrx_word' id='word_1_143' title='bbox 1044 1377 1303 1420; x_wconf 88' lang='lat' dir='ltr'><strong>doctissimus</strong></span> <span class='ocrx_word' id='word_1_144' title='bbox 1332 1377 1384 1419; x_wconf 92' lang='lat' dir='ltr'><strong>ad</strong></span> <span class='ocrx_word' id='word_1_145' title='bbox 1414 1392 1542 1419; x_wconf 90' lang='lat' dir='ltr'><strong>unum</strong></span> <span class='ocrx_word' id='word_1_146' title='bbox 1574 1377 1762 1420; x_wconf 88' lang='lat' dir='ltr'><strong>ordinem</strong></span> <span class='ocrx_word' id='word_1_147' title='bbox 1792 1392 1935 1420; x_wconf 87' lang='lat' dir='ltr'><strong>versus</strong></span> 
     </span>
     <span class='ocr_line' id='line_1_18' title="bbox 382 1444 1937 1502; baseline 0.002 -17"><span class='ocrx_word' id='word_1_148' title='bbox 382 1444 454 1500; x_wconf 87' lang='lat' dir='ltr'><strong>qui</strong></span> <span class='ocrx_word' id='word_1_149' title='bbox 483 1459 576 1486; x_wconf 89' lang='lat' dir='ltr'><strong>mea</strong></span> <span class='ocrx_word' id='word_1_150' title='bbox 607 1445 777 1499; x_wconf 90' lang='lat' dir='ltr'><strong>quidem</strong></span> <span class='ocrx_word' id='word_1_151' title='bbox 806 1446 1010 1487; x_wconf 77' lang='lat' dir='ltr'><strong>sententia</strong></span> <span class='ocrx_word' id='word_1_152' title='bbox 1037 1460 1113 1502; x_wconf 91' lang='lat' dir='ltr'><strong>per</strong></span> <span class='ocrx_word' id='word_1_153' title='bbox 1149 1460 1193 1488; x_wconf 88' lang='lat' dir='ltr'><strong>se</strong></span> <span class='ocrx_word' id='word_1_154' title='bbox 1230 1453 1328 1487; x_wconf 85' lang='lat' dir='ltr'><strong>sunt</strong></span> <span class='ocrx_word' id='word_1_155' title='bbox 1365 1446 1589 1502; x_wconf 83' lang='lat' dir='ltr'><strong>spectandi,</strong></span> <span class='ocrx_word' id='word_1_156' title='bbox 1629 1460 1723 1487; x_wconf 89' lang='lat' dir='ltr'><strong>cum</strong></span> <span class='ocrx_word' id='word_1_157' title='bbox 1760 1453 1937 1501; x_wconf 88' lang='lat' dir='ltr'><strong>uterque</strong></span> 
     </span>
     <span class='ocr_line' id='line_1_19' title="bbox 382 1512 1935 1571; baseline 0.002 -18"><span class='ocrx_word' id='word_1_158' title='bbox 382 1512 435 1554; x_wconf 92' lang='lat' dir='ltr'><strong>sit</strong></span> <span class='ocrx_word' id='word_1_159' title='bbox 464 1512 754 1568; x_wconf 88' lang='lat' dir='ltr'><strong>quaternarius</strong></span> <span class='ocrx_word' id='word_1_160' title='bbox 785 1512 874 1555; x_wconf 86' lang='lat' dir='ltr'><strong>sive</strong></span> <span class='ocrx_word' id='word_1_161' title='bbox 903 1513 1135 1570; x_wconf 89' lang='lat' dir='ltr'><strong>tetrapodia</strong></span> <span class='ocrx_word' id='word_1_162' title='bbox 1164 1513 1351 1555; x_wconf 87' lang='lat' dir='ltr'><strong>iambica.</strong></span> <span class='ocrx_word' id='word_1_163' title='bbox 1410 1513 1466 1556; x_wconf 88' lang='lat' dir='ltr'><strong>Et</strong></span> <span class='ocrx_word' id='word_1_164' title='bbox 1495 1514 1693 1570; x_wconf 87' lang='lat' dir='ltr'><strong>quoniam</strong></span> <span class='ocrx_word' id='word_1_165' title='bbox 1723 1513 1804 1556; x_wconf 90' lang='lat' dir='ltr'><strong>duo</strong></span> <span class='ocrx_word' id='word_1_166' title='bbox 1835 1530 1935 1571; x_wconf 90' lang='lat' dir='ltr'><strong>qua-</strong></span> 
     </span>
     <span class='ocr_line' id='line_1_20' title="bbox 381 1580 1936 1641; baseline 0.001 -18"><span class='ocrx_word' id='word_1_167' title='bbox 381 1580 552 1623; x_wconf 85' lang='lat' dir='ltr'><strong>ternarii</strong></span> <span class='ocrx_word' id='word_1_168' title='bbox 581 1580 635 1622; x_wconf 89' lang='lat' dir='ltr'><strong>ad</strong></span> <span class='ocrx_word' id='word_1_169' title='bbox 666 1595 795 1623; x_wconf 88' lang='lat' dir='ltr'><strong>unum</strong></span> <span class='ocrx_word' id='word_1_170' title='bbox 824 1581 1014 1624; x_wconf 81' lang='lat' dir='ltr'><strong>ordinem</strong></span> <span class='ocrx_word' id='word_1_171' title='bbox 1036 1582 1233 1640; x_wconf 86' lang='lat' dir='ltr'><strong>coniungi</strong></span> <span class='ocrx_word' id='word_1_172' title='bbox 1252 1596 1336 1625; x_wconf 92' lang='lat' dir='ltr'><strong>non</strong></span> <span class='ocrx_word' id='word_1_173' title='bbox 1359 1582 1505 1636; x_wconf 86' lang='lat' dir='ltr'><strong>solent,</strong></span> <span class='ocrx_word' id='word_1_174' title='bbox 1534 1583 1567 1624; x_wconf 89' lang='lat' dir='ltr'><strong>si</strong></span> <span class='ocrx_word' id='word_1_175' title='bbox 1589 1582 1778 1625; x_wconf 90' lang='lat' dir='ltr'><strong>audimus</strong></span> <span class='ocrx_word' id='word_1_176' title='bbox 1795 1581 1936 1641; x_wconf 88' lang='lat' dir='ltr'><strong>Heph.</strong></span> 
     </span>
     <span class='ocr_line' id='line_1_21' title="bbox 382 1649 1936 1706; baseline 0.002 -16"><span class='ocrx_word' id='word_1_177' title='bbox 382 1664 422 1705; x_wconf 94' lang='lat' dir='ltr'><strong>p.</strong></span> <span class='ocrx_word' id='word_1_178' title='bbox 463 1649 532 1701; x_wconf 82' lang='lat'><strong>29,</strong></span> <span class='ocrx_word' id='word_1_179' title='bbox 568 1649 735 1692; x_wconf 82' lang='lat' dir='ltr'><strong>ordines</strong></span> <span class='ocrx_word' id='word_1_180' title='bbox 776 1664 852 1706; x_wconf 90' lang='lat' dir='ltr'><strong>per</strong></span> <span class='ocrx_word' id='word_1_181' title='bbox 899 1664 944 1692; x_wconf 86' lang='lat' dir='ltr'><strong>se</strong></span> <span class='ocrx_word' id='word_1_182' title='bbox 992 1658 1088 1692; x_wconf 88' lang='lat' dir='ltr'><strong>sunt</strong></span> <span class='ocrx_word' id='word_1_183' title='bbox 1140 1651 1341 1693; x_wconf 90' lang='lat' dir='ltr'><strong>intuendi.</strong></span> <span class='ocrx_word' id='word_1_184' title='bbox 1400 1651 1678 1693; x_wconf 89' lang='lat' dir='ltr'><strong>Dochmiacus</strong></span> <span class='ocrx_word' id='word_1_185' title='bbox 1726 1652 1828 1693; x_wconf 91' lang='lat' dir='ltr'><strong>ordo</strong></span> <span class='ocrx_word' id='word_1_186' title='bbox 1875 1659 1936 1694; x_wconf 90' lang='lat' dir='ltr'><strong>est</strong></span> 
     </span>
     <span class='ocr_line' id='line_1_22' title="bbox 382 1718 1934 1775; baseline 0.001 -15"><span class='ocrx_word' id='word_1_187' title='bbox 382 1760 429 1765; x_wconf 67' lang='grc'>-</span> <span class='ocrx_word' id='word_1_188' title='bbox 447 1741 494 1766; x_wconf 52' lang='lat'>4</span> <span class='ocrx_word' id='word_1_189' title='bbox 512 1758 686 1767; x_wconf 52' lang='lat'><strong>—-„</strong></span> <span class='ocrx_word' id='word_1_190' title='bbox 714 1719 976 1775; x_wconf 79' lang='grc' dir='ltr'><strong><em>πρόστερνοι</em></strong></span> <span class='ocrx_word' id='word_1_191' title='bbox 1006 1721 1203 1775; x_wconf 83' lang='grc' dir='ltr'>στολμοί,</span> <span class='ocrx_word' id='word_1_192' title='bbox 1235 1726 1280 1761; x_wconf 93' lang='lat' dir='ltr'><strong>ut</strong></span> <span class='ocrx_word' id='word_1_193' title='bbox 1309 1725 1420 1762; x_wconf 90' lang='lat' dir='ltr'><strong>recte</strong></span> <span class='ocrx_word' id='word_1_194' title='bbox 1451 1718 1555 1762; x_wconf 83' lang='lat' dir='ltr'><strong>vidit</strong></span> <span class='ocrx_word' id='word_1_195' title='bbox 1587 1719 1841 1773; x_wconf 89' lang='lat' dir='ltr'><strong>Dindorfius,</strong></span> <span class='ocrx_word' id='word_1_196' title='bbox 1871 1720 1934 1762; x_wconf 87' lang='lat' dir='ltr'><strong>cui</strong></span> 
     </span>
     <span class='ocr_line' id='line_1_23' title="bbox 382 1787 1936 1845; baseline -0.003 -14"><span class='ocrx_word' id='word_1_197' title='bbox 382 1789 573 1845; x_wconf 82' lang='lat' dir='ltr'><strong>proxime</strong></span> <span class='ocrx_word' id='word_1_198' title='bbox 617 1787 775 1830; x_wconf 86' lang='lat' dir='ltr'><strong>accedit</strong></span> <span class='ocrx_word' id='word_1_199' title='bbox 817 1787 919 1828; x_wconf 91' lang='lat' dir='ltr'><strong>ordo</strong></span> <span class='ocrx_word' id='word_1_200' title='bbox 969 1787 1269 1828; x_wconf 88' lang='lat' dir='ltr'><strong>choriambicus</strong></span> <span class='ocrx_word' id='word_1_201' title='bbox 1308 1818 1372 1840; x_wconf 70' lang='lat'><strong>—,</strong></span> <span class='ocrx_word' id='word_1_202' title='bbox 1401 1808 1447 1832; x_wconf 29' lang='grc' dir='ltr'>ζ</span> <span class='ocrx_word' id='word_1_203' title='bbox 1470 1822 1504 1835; x_wconf 38' lang='grc' dir='ltr'><em>ψ</em></span> <span class='ocrx_word' id='word_1_204' title='bbox 1529 1823 1564 1836; x_wconf 41' lang='grc' dir='ltr'><em>υ</em></span> <span class='ocrx_word' id='word_1_205' title='bbox 1587 1820 1646 1841; x_wconf 73' lang='grc'><strong>-,,</strong></span> <span class='ocrx_word' id='word_1_206' title='bbox 1672 1826 1719 1830; x_wconf 74' lang='grc'>-</span> <span class='ocrx_word' id='word_1_207' title='bbox 1759 1791 1936 1832; x_wconf 70' lang='grc' dir='ltr'><strong><em>πέπλων</em></strong></span> 
     </span>
     <span class='ocr_line' id='line_1_24' title="bbox 383 1855 1936 1913; baseline 0 -15"><span class='ocrx_word' id='word_1_208' title='bbox 383 1858 662 1911; x_wconf 78' lang='grc' dir='ltr'><strong>ἀγελάστοις.</strong></span> <span class='ocrx_word' id='word_1_209' title='bbox 701 1855 899 1897; x_wconf 85' lang='lat' dir='ltr'><strong>Ceterum</strong></span> <span class='ocrx_word' id='word_1_210' title='bbox 920 1861 1058 1910; x_wconf 90' lang='lat' dir='ltr'><strong>partes</strong></span> <span class='ocrx_word' id='word_1_211' title='bbox 1083 1855 1185 1896; x_wconf 86' lang='lat' dir='ltr'><strong>duas</strong></span> <span class='ocrx_word' id='word_1_212' title='bbox 1210 1855 1329 1897; x_wconf 87' lang='lat' dir='ltr'><strong>facile</strong></span> <span class='ocrx_word' id='word_1_213' title='bbox 1354 1857 1544 1898; x_wconf 87' lang='lat' dir='ltr'><strong>constitui</strong></span> <span class='ocrx_word' id='word_1_214' title='bbox 1561 1872 1680 1913; x_wconf 77' lang='lat' dir='ltr'><strong>posse</strong></span> <span class='ocrx_word' id='word_1_215' title='bbox 1702 1858 1744 1898; x_wconf 89' lang='lat' dir='ltr'><strong>in</strong></span> <span class='ocrx_word' id='word_1_216' title='bbox 1765 1859 1936 1913; x_wconf 89' lang='lat' dir='ltr'><strong>stropha</strong></span> 
     </span>
     <span class='ocr_line' id='line_1_25' title="bbox 383 1921 1936 1982; baseline 0.003 -18"><span class='ocrx_word' id='word_1_217' title='bbox 383 1924 611 1967; x_wconf 88' lang='lat' dir='ltr'><strong>rectissime</strong></span> <span class='ocrx_word' id='word_1_218' title='bbox 640 1922 768 1966; x_wconf 88' lang='lat' dir='ltr'><strong>sensit</strong></span> <span class='ocrx_word' id='word_1_219' title='bbox 797 1921 1054 1966; x_wconf 87' lang='lat' dir='ltr'><strong>Schmidtius</strong></span> <span class='ocrx_word' id='word_1_220' title='bbox 1083 1921 1261 1979; x_wconf 89' lang='lat' dir='ltr'><strong>ideoque</strong></span> <span class='ocrx_word' id='word_1_221' title='bbox 1290 1930 1383 1980; x_wconf 89' lang='lat' dir='ltr'><strong>post</strong></span> <span class='ocrx_word' id='word_1_222' title='bbox 1421 1925 1612 1982; x_wconf 83' lang='grc' dir='ltr'><strong><em>νεοτόμῳ</em></strong></span> <span class='ocrx_word' id='word_1_223' title='bbox 1654 1925 1800 1968; x_wconf 88' lang='lat' dir='ltr'><strong>cantici</strong></span> <span class='ocrx_word' id='word_1_224' title='bbox 1843 1941 1936 1969; x_wconf 89' lang='lat' dir='ltr'><strong>cen-</strong></span> 
     </span>
     <span class='ocr_line' id='line_1_26' title="bbox 381 1990 1937 2049; baseline 0.002 -18"><span class='ocrx_word' id='word_1_225' title='bbox 381 1991 464 2032; x_wconf 88' lang='lat' dir='ltr'><strong>suit</strong></span> <span class='ocrx_word' id='word_1_226' title='bbox 494 2006 583 2033; x_wconf 91' lang='lat' dir='ltr'><strong>esse</strong></span> <span class='ocrx_word' id='word_1_227' title='bbox 621 1991 864 2032; x_wconf 89' lang='lat' dir='ltr'><strong>incisionem</strong></span> <span class='ocrx_word' id='word_1_228' title='bbox 904 1990 1115 2045; x_wconf 84' lang='lat' dir='ltr'><strong>quandam</strong></span> <span class='ocrx_word' id='word_1_229' title='bbox 1155 1991 1428 2032; x_wconf 89' lang='lat' dir='ltr'><strong>statuendam.</strong></span> <span class='ocrx_word' id='word_1_230' title='bbox 1488 1992 1608 2043; x_wconf 82' lang='lat' dir='ltr'><strong>Quae</strong></span> <span class='ocrx_word' id='word_1_231' title='bbox 1649 1994 1817 2049; x_wconf 91' lang='lat' dir='ltr'><strong>quidem</strong></span> <span class='ocrx_word' id='word_1_232' title='bbox 1858 1995 1937 2034; x_wconf 85' lang='lat' dir='ltr'><strong>viri</strong></span> 
     </span>
     <span class='ocr_line' id='line_1_27' title="bbox 383 2058 1937 2118; baseline 0.003 -18"><span class='ocrx_word' id='word_1_233' title='bbox 383 2058 608 2101; x_wconf 87' lang='lat' dir='ltr'><strong>doctissimi</strong></span> <span class='ocrx_word' id='word_1_234' title='bbox 649 2058 853 2102; x_wconf 90' lang='lat' dir='ltr'><strong>sententia</strong></span> <span class='ocrx_word' id='word_1_235' title='bbox 892 2072 940 2100; x_wconf 90' lang='lat' dir='ltr'><strong>eo</strong></span> <span class='ocrx_word' id='word_1_236' title='bbox 980 2058 1104 2101; x_wconf 88' lang='lat' dir='ltr'><strong>etiam</strong></span> <span class='ocrx_word' id='word_1_237' title='bbox 1154 2058 1356 2113; x_wconf 86' lang='lat' dir='ltr'><strong>firmatur,</strong></span> <span class='ocrx_word' id='word_1_238' title='bbox 1407 2060 1519 2117; x_wconf 86' lang='lat' dir='ltr'><strong>quod</strong></span> <span class='ocrx_word' id='word_1_239' title='bbox 1570 2075 1714 2104; x_wconf 80' lang='lat' dir='ltr'><strong>versus</strong></span> <span class='ocrx_word' id='word_1_240' title='bbox 1765 2068 1937 2118; x_wconf 90' lang='lat' dir='ltr'><strong>quartus</strong></span> 
     </span>
     <span class='ocr_line' id='line_1_28' title="bbox 382 2127 1936 2186; baseline 0.002 -17"><span class='ocrx_word' id='word_1_241' title='bbox 382 2127 535 2184; x_wconf 83' lang='grc' dir='ltr'><strong>ὄνυχος</strong></span> <span class='ocrx_word' id='word_1_242' title='bbox 565 2127 694 2169; x_wconf 80' lang='grc' dir='ltr'><strong>ἄλοκι</strong></span> <span class='ocrx_word' id='word_1_243' title='bbox 723 2127 915 2183; x_wconf 80' lang='grc' dir='ltr'><strong>νεοτόμῳ</strong></span> <span class='ocrx_word' id='word_1_244' title='bbox 945 2127 1056 2169; x_wconf 87' lang='lat' dir='ltr'><strong>idem</strong></span> <span class='ocrx_word' id='word_1_245' title='bbox 1097 2134 1277 2169; x_wconf 82' lang='lat' dir='ltr'><strong>metrum</strong></span> <span class='ocrx_word' id='word_1_246' title='bbox 1314 2143 1440 2184; x_wconf 86' lang='lat' dir='ltr'><strong>quam</strong></span> <span class='ocrx_word' id='word_1_247' title='bbox 1479 2129 1662 2172; x_wconf 84' lang='lat' dir='ltr'><strong>decimus</strong></span> <span class='ocrx_word' id='word_1_248' title='bbox 1700 2131 1936 2186; x_wconf 81' lang='grc' dir='ltr'><strong>ξυμφοραῖς</strong></span> 
     </span>
     <span class='ocr_line' id='line_1_29' title="bbox 381 2190 1937 2256; baseline 0.003 -20"><span class='ocrx_word' id='word_1_249' title='bbox 381 2196 692 2252; x_wconf 80' lang='grc' dir='ltr'><strong><em>πεπληγμένων</em></strong></span> <span class='ocrx_word' id='word_1_250' title='bbox 714 2194 906 2251; x_wconf 88' lang='lat' dir='ltr'><strong>dipodiae</strong></span> <span class='ocrx_word' id='word_1_251' title='bbox 927 2194 1084 2238; x_wconf 88' lang='lat' dir='ltr'><strong>scilicet</strong></span> <span class='ocrx_word' id='word_1_252' title='bbox 1106 2190 1338 2239; x_wconf 86' lang='lat' dir='ltr'><strong>trochaicae</strong></span> <span class='ocrx_word' id='word_1_253' title='bbox 1358 2196 1618 2240; x_wconf 78' lang='lat' dir='ltr'><strong>catalecticae</strong></span> <span class='ocrx_word' id='word_1_254' title='bbox 1636 2198 1815 2255; x_wconf 88' lang='lat' dir='ltr'><strong>speciem</strong></span> <span class='ocrx_word' id='word_1_255' title='bbox 1836 2214 1937 2256; x_wconf 88' lang='lat' dir='ltr'><strong>prae</strong></span> 
     </span>
     <span class='ocr_line' id='line_1_30' title="bbox 381 2263 1935 2321; baseline 0.005 -18"><span class='ocrx_word' id='word_1_256' title='bbox 381 2277 425 2304; x_wconf 90' lang='lat' dir='ltr'><strong>se</strong></span> <span class='ocrx_word' id='word_1_257' title='bbox 456 2263 549 2315; x_wconf 87' lang='lat' dir='ltr'><strong>fert,</strong></span> <span class='ocrx_word' id='word_1_258' title='bbox 580 2277 688 2318; x_wconf 91' lang='lat' dir='ltr'><strong>quae</strong></span> <span class='ocrx_word' id='word_1_259' title='bbox 717 2263 850 2304; x_wconf 79' lang='lat' dir='ltr'><strong>forma</strong></span> <span class='ocrx_word' id='word_1_260' title='bbox 880 2279 903 2303; x_wconf 87' lang='lat' dir='ltr'><strong>a</strong></span> <span class='ocrx_word' id='word_1_261' title='bbox 929 2263 1068 2319; x_wconf 90' lang='lat' dir='ltr'><strong>priore</strong></span> <span class='ocrx_word' id='word_1_262' title='bbox 1098 2264 1287 2305; x_wconf 91' lang='lat' dir='ltr'><strong>nonnihil</strong></span> <span class='ocrx_word' id='word_1_263' title='bbox 1318 2264 1453 2307; x_wconf 88' lang='lat' dir='ltr'><strong>aliena</strong></span> <span class='ocrx_word' id='word_1_264' title='bbox 1487 2273 1559 2318; x_wconf 91' lang='lat' dir='ltr'><strong>est,</strong></span> <span class='ocrx_word' id='word_1_265' title='bbox 1591 2281 1720 2321; x_wconf 90' lang='lat' dir='ltr'><strong>quum</strong></span> <span class='ocrx_word' id='word_1_266' title='bbox 1743 2267 1786 2308; x_wconf 89' lang='lat' dir='ltr'><strong>in</strong></span> <span class='ocrx_word' id='word_1_267' title='bbox 1805 2268 1935 2310; x_wconf 87' lang='lat' dir='ltr'><strong>altero</strong></span> 
     </span>
     <span class='ocr_line' id='line_1_31' title="bbox 382 2330 1935 2391; baseline 0.005 -20"><span class='ocrx_word' id='word_1_268' title='bbox 382 2344 507 2372; x_wconf 87' lang='lat' dir='ltr'><strong>versu</strong></span> <span class='ocrx_word' id='word_1_269' title='bbox 536 2330 727 2386; x_wconf 83' lang='lat' dir='ltr'><strong>syllabae</strong></span> <span class='ocrx_word' id='word_1_270' title='bbox 766 2330 919 2386; x_wconf 82' lang='lat' dir='ltr'><strong>longae</strong></span> <span class='ocrx_word' id='word_1_271' title='bbox 958 2331 1113 2387; x_wconf 87' lang='lat' dir='ltr'><strong>ubique</strong></span> <span class='ocrx_word' id='word_1_272' title='bbox 1155 2332 1237 2373; x_wconf 89' lang='lat' dir='ltr'><strong>sint</strong></span> <span class='ocrx_word' id='word_1_273' title='bbox 1279 2332 1512 2374; x_wconf 89' lang='lat' dir='ltr'><strong>dissolutae.</strong></span> <span class='ocrx_word' id='word_1_274' title='bbox 1574 2333 1770 2376; x_wconf 83' lang='lat' dir='ltr'><strong>Mensura</strong></span> <span class='ocrx_word' id='word_1_275' title='bbox 1809 2351 1935 2391; x_wconf 88' lang='lat' dir='ltr'><strong>quam</strong></span> 
     </span>
     <span class='ocr_line' id='line_1_32' title="bbox 382 2396 1935 2457; baseline 0.005 -18"><span class='ocrx_word' id='word_1_276' title='bbox 382 2396 639 2440; x_wconf 81' lang='lat' dir='ltr'><strong>Schmidtius</strong></span> <span class='ocrx_word' id='word_1_277' title='bbox 658 2397 869 2439; x_wconf 78' lang='lat' dir='ltr'><strong>constituit</strong></span> <span class='ocrx_word' id='word_1_278' title='bbox 884 2397 924 2439; x_wconf 83' lang='lat' dir='ltr'><strong>in</strong></span> <span class='ocrx_word' id='word_1_279' title='bbox 940 2412 1065 2441; x_wconf 78' lang='lat' dir='ltr'><strong>versu</strong></span> <span class='ocrx_word' id='word_1_280' title='bbox 1084 2399 1257 2455; x_wconf 84' lang='lat' dir='ltr'><strong>septimo</strong></span> <span class='ocrx_word' id='word_1_281' title='bbox 1280 2400 1540 2456; x_wconf 75' lang='grc' dir='ltr'><strong>πρόστερνοι</strong></span> <span class='ocrx_word' id='word_1_282' title='bbox 1557 2404 1743 2457; x_wconf 87' lang='grc' dir='ltr'><strong>στολμοὶ</strong></span> <span class='ocrx_word' id='word_1_283' title='bbox 1757 2405 1935 2447; x_wconf 79' lang='grc' dir='ltr'><strong><em>πέπλων</em></strong></span> 
     </span>
     <span class='ocr_line' id='line_1_33' title="bbox 382 2464 1934 2526; baseline 0.005 -19"><span class='ocrx_word' id='word_1_284' title='bbox 382 2467 647 2521; x_wconf 80' lang='grc' dir='ltr'><strong>ἀγελάστοις</strong></span> <span class='ocrx_word' id='word_1_285' title='bbox 676 2465 779 2507; x_wconf 90' lang='lat' dir='ltr'><strong>mihi</strong></span> <span class='ocrx_word' id='word_1_286' title='bbox 810 2466 935 2509; x_wconf 87' lang='lat' dir='ltr'><strong>valde</strong></span> <span class='ocrx_word' id='word_1_287' title='bbox 962 2467 1236 2523; x_wconf 87' lang='lat' dir='ltr'><strong>improbanda</strong></span> <span class='ocrx_word' id='word_1_288' title='bbox 1267 2468 1431 2510; x_wconf 89' lang='lat' dir='ltr'><strong>videtur</strong></span> <span class='ocrx_word' id='word_1_289' title='bbox 1460 2476 1679 2525; x_wconf 86' lang='lat' dir='ltr'><strong>propterea</strong></span> <span class='ocrx_word' id='word_1_290' title='bbox 1717 2464 1827 2526; x_wconf 79' lang='lat' dir='ltr'><strong>quod</strong></span> <span class='ocrx_word' id='word_1_291' title='bbox 1864 2473 1934 2514; x_wconf 86' lang='lat' dir='ltr'><strong>tri-</strong></span> 
     </span>
     <span class='ocr_line' id='line_1_34' title="bbox 381 2533 1935 2595; baseline 0.005 -21"><span class='ocrx_word' id='word_1_292' title='bbox 381 2533 524 2589; x_wconf 89' lang='lat' dir='ltr'><strong>cipites</strong></span> <span class='ocrx_word' id='word_1_293' title='bbox 556 2534 710 2590; x_wconf 87' lang='lat' dir='ltr'><strong>longae</strong></span> <span class='ocrx_word' id='word_1_294' title='bbox 739 2535 929 2590; x_wconf 86' lang='lat' dir='ltr'><strong>syllabae</strong></span> <span class='ocrx_word' id='word_1_295' title='bbox 961 2542 1109 2589; x_wconf 87' lang='lat' dir='ltr'><strong>quater</strong></span> <span class='ocrx_word' id='word_1_296' title='bbox 1138 2535 1331 2591; x_wconf 90' lang='lat' dir='ltr'><strong>deinceps</strong></span> <span class='ocrx_word' id='word_1_297' title='bbox 1363 2536 1533 2592; x_wconf 83' lang='lat' dir='ltr'><strong>positae,</strong></span> <span class='ocrx_word' id='word_1_298' title='bbox 1563 2537 1724 2580; x_wconf 80' lang='lat' dir='ltr'><strong>sirecte</strong></span> <span class='ocrx_word' id='word_1_299' title='bbox 1744 2539 1935 2595; x_wconf 86' lang='lat' dir='ltr'><strong>intelligo</strong></span> 
     </span>
     <span class='ocr_line' id='line_1_35' title="bbox 381 2599 1936 2661; baseline 0.005 -20"><span class='ocrx_word' id='word_1_300' title='bbox 381 2599 642 2643; x_wconf 88' lang='lat' dir='ltr'><strong>Boeckhium</strong></span> <span class='ocrx_word' id='word_1_301' title='bbox 673 2601 728 2644; x_wconf 90' lang='lat' dir='ltr'><strong>de</strong></span> <span class='ocrx_word' id='word_1_302' title='bbox 758 2608 878 2644; x_wconf 89' lang='lat' dir='ltr'><strong>metr.</strong></span> <span class='ocrx_word' id='word_1_303' title='bbox 909 2601 1031 2643; x_wconf 87' lang='lat' dir='ltr'><strong>Pind.</strong></span> <span class='ocrx_word' id='word_1_304' title='bbox 1062 2618 1102 2659; x_wconf 90' lang='lat' dir='ltr'><strong>p.</strong></span> <span class='ocrx_word' id='word_1_305' title='bbox 1131 2602 1198 2655; x_wconf 87' lang='lat'><strong>39,</strong></span> <span class='ocrx_word' id='word_1_306' title='bbox 1230 2603 1477 2659; x_wconf 87' lang='lat' dir='ltr'><strong>rhythmum</strong></span> <span class='ocrx_word' id='word_1_307' title='bbox 1506 2619 1638 2661; x_wconf 85' lang='lat' dir='ltr'><strong>paene</strong></span> <span class='ocrx_word' id='word_1_308' title='bbox 1664 2605 1827 2648; x_wconf 87' lang='lat' dir='ltr'><strong>nullum</strong></span> <span class='ocrx_word' id='word_1_309' title='bbox 1855 2606 1936 2649; x_wconf 93' lang='lat' dir='ltr'><strong>hoc</strong></span> 
     </span>
     <span class='ocr_line' id='line_1_36' title="bbox 381 2669 1935 2726; baseline 0.004 -16"><span class='ocrx_word' id='word_1_310' title='bbox 381 2669 489 2710; x_wconf 85' lang='lat' dir='ltr'><strong>loco-</strong></span> <span class='ocrx_word' id='word_1_311' title='bbox 513 2669 709 2711; x_wconf 86' lang='lat' dir='ltr'><strong>efficiunt.</strong></span> <span class='ocrx_word' id='word_1_312' title='bbox 778 2670 901 2711; x_wconf 91' lang='lat' dir='ltr'><strong>Prior</strong></span> <span class='ocrx_word' id='word_1_313' title='bbox 938 2670 1094 2712; x_wconf 90' lang='lat' dir='ltr'><strong>ordinis</strong></span> <span class='ocrx_word' id='word_1_314' title='bbox 1138 2686 1233 2726; x_wconf 89' lang='lat' dir='ltr'><strong>pars</strong></span> <span class='ocrx_word' id='word_1_315' title='bbox 1275 2678 1336 2713; x_wconf 89' lang='lat' dir='ltr'><strong>est</strong></span> <span class='ocrx_word' id='word_1_316' title='bbox 1372 2679 1629 2715; x_wconf 85' lang='lat' dir='ltr'><strong>monometer</strong></span> <span class='ocrx_word' id='word_1_317' title='bbox 1671 2673 1935 2716; x_wconf 79' lang='lat' dir='ltr'><strong>dochmiaous</strong></span> 
     </span>
     <span class='ocr_line' id='line_1_37' title="bbox 381 2736 1936 2794; baseline 0.005 -18"><span class='ocrx_word' id='word_1_318' title='bbox 381 2742 580 2792; x_wconf 88' lang='lat' dir='ltr'><strong>sequente</strong></span> <span class='ocrx_word' id='word_1_319' title='bbox 612 2736 791 2793; x_wconf 92' lang='lat' dir='ltr'><strong>tripodia</strong></span> <span class='ocrx_word' id='word_1_320' title='bbox 820 2737 997 2778; x_wconf 86' lang='lat' dir='ltr'><strong>iambica</strong></span> <span class='ocrx_word' id='word_1_321' title='bbox 1034 2738 1282 2791; x_wconf 88' lang='lat' dir='ltr'><strong>catalectica,</strong></span> <span class='ocrx_word' id='word_1_322' title='bbox 1323 2753 1430 2794; x_wconf 88' lang='lat' dir='ltr'><strong>quae</strong></span> <span class='ocrx_word' id='word_1_323' title='bbox 1469 2739 1590 2781; x_wconf 89' lang='lat' dir='ltr'><strong>metri</strong></span> <span class='ocrx_word' id='word_1_324' title='bbox 1634 2740 1768 2782; x_wconf 85' lang='lat' dir='ltr'><strong>forma</strong></span> <span class='ocrx_word' id='word_1_325' title='bbox 1806 2756 1831 2782; x_wconf 79' lang='lat' dir='ltr'><strong>a</strong></span> <span class='ocrx_word' id='word_1_326' title='bbox 1867 2757 1936 2784; x_wconf 91' lang='lat' dir='ltr'><strong>me</strong></span> 
     </span>
     <span class='ocr_line' id='line_1_38' title="bbox 380 2805 1934 2867; baseline 0.005 -22"><span class='ocrx_word' id='word_1_327' title='bbox 380 2809 533 2845; x_wconf 87' lang='lat' dir='ltr'><strong>statuta</strong></span> <span class='ocrx_word' id='word_1_328' title='bbox 573 2805 774 2861; x_wconf 79' lang='lat' dir='ltr'><strong>probatur</strong></span> <span class='ocrx_word' id='word_1_329' title='bbox 818 2805 1012 2863; x_wconf 85' lang='lat' dir='ltr'><strong>exemplo</strong></span> <span class='ocrx_word' id='word_1_330' title='bbox 1043 2805 1190 2862; x_wconf 85' lang='lat' dir='ltr'><strong>Antig.</strong></span> <span class='ocrx_word' id='word_1_331' title='bbox 1234 2806 1364 2860; x_wconf 79' lang='lat'>12753</span> <span class='ocrx_word' id='word_1_332' title='bbox 1412 2814 1549 2849; x_wconf 86' lang='lat' dir='ltr'><strong>utrum</strong></span> <span class='ocrx_word' id='word_1_333' title='bbox 1594 2809 1703 2851; x_wconf 88' lang='lat' dir='ltr'><strong>enim</strong></span> <span class='ocrx_word' id='word_1_334' title='bbox 1745 2810 1934 2867; x_wconf 75' lang='lat' dir='ltr'><strong>syllabae</strong></span> 
     </span>
     <span class='ocr_line' id='line_1_39' title="bbox 382 2872 1463 2929; baseline 0.005 -17"><span class='ocrx_word' id='word_1_335' title='bbox 382 2873 534 2927; x_wconf 81' lang='lat' dir='ltr'><strong>longae</strong></span> <span class='ocrx_word' id='word_1_336' title='bbox 563 2872 646 2913; x_wconf 87' lang='lat' dir='ltr'><strong>sint</strong></span> <span class='ocrx_word' id='word_1_337' title='bbox 674 2888 804 2929; x_wconf 84' lang='lat' dir='ltr'><strong>purae</strong></span> <span class='ocrx_word' id='word_1_338' title='bbox 836 2889 889 2914; x_wconf 90' lang='lat' dir='ltr'><strong>an</strong></span> <span class='ocrx_word' id='word_1_339' title='bbox 920 2874 1156 2928; x_wconf 86' lang='lat' dir='ltr'><strong>dissolutae,</strong></span> <span class='ocrx_word' id='word_1_340' title='bbox 1189 2876 1293 2916; x_wconf 89' lang='lat' dir='ltr'><strong>nihil</strong></span> <span class='ocrx_word' id='word_1_341' title='bbox 1324 2877 1463 2917; x_wconf 88' lang='lat' dir='ltr'><strong>refert.</strong></span> 
     </span>
    </p>
   </div>
  </div>
 </body>
</html>
