2086 3358
861 244 1142 284 -11—

232 371 354 415 Hanc
393 388 480 416 rem
518 373 673 431 optime
711 372 837 413 sensit
871 370 1102 413 Meinekius
1144 370 1321 427 ideoque
1362 370 1536 412 coniecit
1575 373 1598 411 ὃ
1629 372 1785 412 πάντα

230 451 385 500 πηρῶν,
426 457 533 499 quae
563 442 787 484 convertit:
830 441 1015 483 omnium
1045 440 1127 481 vim
1160 440 1361 482 minuens.
1423 438 1670 481 Coniectura
1713 453 1786 495 per

231 526 275 552 se
304 511 472 568 quidem
503 510 727 568 probabilis
758 510 824 561 sit,
852 510 885 551 si
915 509 1024 566 apud
1055 509 1288 567 prosaicum
1319 508 1505 564 legatur3
1538 508 1618 550 hoc
1645 514 1784 549 tamen

233 580 321 622 loco
352 580 539 621 dictionis
568 579 717 621 robore
747 586 873 635 atque
913 579 1222 635 magnificentia
1262 577 1495 635 postulatur
1535 576 1784 618 adiectivum

233 648 443 703 quoddam
480 648 763 703 compositum.
824 648 1018 690 Fortasse
1048 648 1283 689 coniectura
1324 661 1414 687 mea
1457 645 1585 701 possit
1622 645 1783 686 admitti

233 716 506 765 πανάλωτος,
549 729 642 756 cum
675 716 753 757 hoc
783 714 1030 758 adiectivum
1061 724 1102 757 et
1142 716 1317 757 activam
1360 722 1402 755 et
1439 714 1642 770 passivam
1685 727 1785 770 prae

234 798 277 824 se
307 783 413 824 ferat
440 783 794 838 significationem.

347 850 463 893 Vers.
498 852 590 893 612.
626 854 864 909 ἐπαρκέσει
895 852 1037 893 scribit
1069 851 1311 893 Meinekius.
1353 850 1476 892 Hanc
1509 850 1779 892 mutationem

236 935 318 961 non
349 935 437 962 csse
467 921 737 963 necessariam
767 921 1027 963 manifestum
1055 927 1134 973 est3
1166 921 1278 962 valet
1301 921 1409 962 enim
1436 922 1610 962 verbum
1641 923 1785 975 ἐπαρ-

233 998 324 1030 κεῖν
354 989 544 1031 sufficere
571 1005 692 1031 sensu
724 991 775 1032 ab
809 992 890 1032 hoc
921 991 1022 1041 loco,
1055 990 1096 1031 ni
1126 990 1261 1042 fallor,
1291 990 1438 1034 alieno.

352 1057 467 1100 Vers.
501 1059 597 1102 613.
630 1059 721 1100 614.
790 1058 923 1100 Locus
953 1058 987 1099 is
1018 1065 1091 1110 est,
1129 1065 1175 1098 ut
1205 1058 1534 1100 coniecturarum
1571 1057 1668 1098 satis
1701 1072 1784 1097 ma-

234 1140 361 1182 gnam
391 1125 556 1168 efficere
586 1133 711 1182 queat
742 1126 1046 1168 multitudinem
1079 1133 1202 1181 atquc
1224 1126 1480 1168 varietatem.
1530 1125 1784 1174 Intueamur,

236 1201 281 1234 ut
308 1194 351 1234 in
381 1194 493 1235 omni
525 1195 764 1250 quaestione
795 1195 934 1236 critica
966 1195 1055 1236 ficri
1093 1202 1267 1251 oportet,
1309 1209 1514 1250 quaenam
1555 1193 1677 1236 lectio
1718 1207 1783 1233 co-

234 1262 335 1303 dicis
378 1261 647 1304 Laurentiani
692 1264 940 1319 testiumque
983 1263 1228 1305 auctoritate
1272 1263 1472 1306 firmetur.
1546 1261 1620 1303 Est
1663 1262 1783 1303 haec:

233 1332 356 1373 οὐδὲν
387 1331 503 1388 ἕρπει
535 1335 715 1375 θνατῶν
744 1333 873 1388 βιότῳ
903 1334 1125 1389 πάμπολις
1155 1334 1290 1383 ἐκτὸς
1322 1332 1447 1382 ἄτας.
1512 1331 1695 1373 Maxime
1725 1331 1783 1372 of·

233 1400 365 1442 fendit
404 1415 485 1441 vox
525 1403 760 1457 πάμπολις,
800 1401 910 1456 quod
950 1408 1012 1442 est
1046 1403 1261 1453 incertum,
1302 1416 1481 1456 quonam
1524 1400 1780 1457 potissimum

233 1468 451 1512 referenda
492 1468 554 1522 sit,
595 1470 836 1527 praesertim
881 1484 974 1511 cum
1014 1470 1344 1527 interpunctione
1385 1470 1540 1511 maiore
1583 1476 1677 1526 post
1721 1469 1784 1510 ὅδ’

233 1552 477 1595 praegressa
510 1537 561 1578 ad
594 1553 736 1580 vocem
768 1540 964 1594 ,,νόμος“,
1003 1539 1066 1579 cui
1096 1554 1172 1595 por
1209 1554 1372 1580 sensum
1406 1539 1594 1594 quamvis
1627 1539 1783 1580 difficili

234 1605 401 1660 negotio
431 1607 662 1659 conveniat,
692 1607 837 1648 referri
868 1622 951 1648 non
981 1615 1116 1662 queat.
1182 1606 1266 1650 Sed
1299 1607 1513 1648 videamus
1544 1608 1784 1663 priusquam

235 1682 418 1716 nostram
449 1674 491 1715 in
522 1674 703 1716 medium
734 1675 991 1732 proferamus
1020 1675 1278 1727 sententiam,
1311 1675 1410 1731 quid
1439 1675 1506 1716 alii
1537 1676 1784 1719 censuerint.

235 1742 305 1784 Ad
346 1744 474 1785 verba
512 1743 601 1800 ipsa
632 1743 870 1786 scholiastes
911 1744 1013 1786 haec
1041 1743 1187 1785 tradit:
1233 1745 1359 1799 νόμος
1398 1745 1463 1787 ὅδ’
1501 1747 1623 1787 οὐδὲν
1653 1746 1784 1802 ἕρπει’

235 1814 384 1863 οὐδεὶς,
415 1814 565 1868 φησὶν,
599 1812 695 1854 ἔστι
725 1813 849 1869 νόμος
879 1816 922 1855 ἐν
952 1814 1116 1863 πάσαις
1133 1822 1234 1863 ταῖς
1253 1813 1450 1863 πόλεσιν,
1475 1812 1586 1855 ὥστε
1608 1817 1787 1869 φεύγειν

236 1883 335 1931 τοὺς
366 1882 618 1937 ἀνθρώπους
648 1883 701 1922 τὸ
732 1883 1063 1937 συμβησόμενον.
1087 1881 1150 1923 *H
1179 1883 1323 1932 οὕτως·
1348 1883 1490 1931 οὐδεὶς
1516 1885 1626 1924 ἐστι
1646 1883 1788 1937 νόμος,

234 1950 278 2000 ὃς
310 1951 498 1992 δύναται
527 1955 618 1992 τῶν
649 1950 722 2000 ἤδη
753 1936 1074 1993 τελειῶἓέντων
1103 1957 1242 1992 κακῶν
1285 1952 1525 2006 προσάγειν
1568 1954 1783 2006 βοήθειαν.

227 2018 289 2059 ”H
317 2019 463 2068 οὕτως·
494 2021 517 2058 ὁ
548 2020 592 2059 δὲ
630 2020 753 2074 νόμος
790 2023 813 2059 ὁ
855 2021 1036 2061 πάντων
1077 2025 1165 2060 τῶν
1203 2021 1443 2073 ἀνθρώπων
1477 2021 1618 2068 κοινὸς
1648 2026 1785 2060 τοῦτο

236 2086 324 2142 ἔχει
356 2088 513 2142 μηδένα
545 2089 617 2137 ζῆν
646 2086 751 2129 ἄνευ
781 2088 925 2137 λύπης.
973 2086 1130 2127 Harum
1160 2086 1336 2128 duarum
1360 2087 1655 2129 sententiarum
1675 2087 1786 2143 prior

235 2155 337 2197 mihi
374 2170 458 2197 non
499 2154 666 2209 arridet,
706 2170 812 2209 cum,
850 2157 927 2198 nisi
967 2157 1100 2210 fallor,
1142 2156 1277 2198 verbis
1317 2155 1414 2213 ipsis
1453 2155 1657 2198 reiciatur.
1718 2155 1785 2198 De

235 2223 393 2264 auxilio
419 2224 577 2266 miseris
608 2224 842 2266 hominibus
871 2225 1042 2267 ferendo
1077 2226 1117 2266 in
1149 2233 1267 2267 textu
1299 2225 1401 2265 nihil
1432 2224 1599 2266 videtur
1634 2224 1786 2275 inesseg

234 2293 303 2334 lex
333 2292 466 2348 potius
496 2293 568 2334 illa
598 2301 766 2335 aeterna
797 2301 838 2336 et
867 2294 918 2335 ad
950 2310 1091 2336 omncs
1122 2295 1310 2336 homines
1330 2294 1539 2350 pertinens
1558 2293 1786 2351 profertur:

235 2361 442 2403 neminem
474 2362 615 2403 abesse
647 2377 670 2402 a
702 2362 834 2419 culpa.
900 2363 1042 2418 Atque
1072 2364 1151 2404 hoc
1181 2362 1347 2419 quidem
1379 2377 1515 2404 meum
1549 2362 1601 2405 de
1633 2362 1711 2403 hac
1741 2377 1786 2403 re

234 2430 431 2471 iudicium
462 2431 542 2472 alio
582 2432 771 2473 firmatur
808 2440 1070 2486 argumento,
1111 2447 1203 2472 cum
1244 2432 1483 2473 scholiastes
1521 2431 1577 2472 ita
1614 2439 1783 2487 pergat:

236 2500 284 2541 ‘0
316 2499 452 2554 λόγος·
479 2501 534 2540 σὺ
566 2501 653 2552 μέν,
684 2498 714 2541 ὦ
746 2504 841 2548 Ζεῦ,
885 2502 1044 2556 ἀγήρως
1075 2517 1125 2543 τε
1156 2502 1228 2541 καὶ
1258 2502 1474 2550 δυνάστης
1513 2503 1569 2549 εἷς
1601 2497 1783 2540 ἅπαντα

233 2568 313 2608 τὸν
354 2568 511 2623 χρόνον
553 2569 602 2609 εἷ·
635 2573 656 2617 ἡ
699 2570 743 2609 δὲ
774 2576 862 2610 τῶν
896 2571 1139 2624 ἀνθρώπων
1173 2569 1379 2610 πολιτεία
1411 2570 1616 2609 οὐδέποτε
1656 2570 1782 2623 χωρὶς

234 2644 372 2678 κακῶν
403 2639 537 2679 ἐστιν.
599 2637 852 2679 Scholiastes
893 2652 987 2678 cum
1025 2637 1112 2694 ipse
1152 2636 1457 2693 quodammodo
1496 2644 1679 2692 opponat
1718 2651 1783 2677 res

236 2704 436 2746 humanas
480 2704 629 2746 divinis
661 2731 712 2735 —-
746 2704 844 2747 dicit
883 2705 992 2749 enim
1024 2709 1046 2756 ἡ
1075 2707 1119 2748 δὲ
1160 2713 1248 2748 τῶν
1289 2706 1532 2760 ἀνθρώπων
1577 2706 1783 2748 πολιτεία

234 2774 442 2814 οὐδέποτε
475 2775 601 2828 χωρὶς
640 2782 781 2816 κακῶν
822 2776 960 2816 ἐστιν
989 2798 1042 2805 —-
1074 2788 1208 2815 meam
1251 2773 1497 2814 sententiam
1540 2773 1651 2814 haud
1696 2788 1784 2815 esse

233 2841 484 2882 reiciendam
537 2856 631 2882 cum
680 2857 848 2884 censere
892 2842 1154 2883 manifestum
1201 2849 1272 2884 est.
1349 2841 1505 2883 Vocem
1560 2844 1783 2896 πάμπολις

234 2909 290 2953 ita
330 2908 522 2969 explicat,
573 2916 619 2951 ut
658 2909 768 2952 dicat
808 2915 829 2953 ὁ
871 2912 988 2953 κατὰ
1026 2916 1177 2953 πᾶσαν
1225 2910 1356 2952 πόλιν
1396 2909 1535 2968 ’ἕρπων
1578 2911 1716 2966 νόμος,
1758 2910 1785 2952 ὅ
