2086 3358
910 261 1193 305 -27—

830 391 969 436 Prom.
1005 391 1239 434 128-192.

375 459 531 517 Versus
559 460 689 514 τόνδε
721 462 878 516 πάγον,
905 460 1115 516 πατρῴας
1144 467 1185 501 et
1214 461 1301 500 τὰν
1327 462 1574 513 θεμερῶπιν
1604 460 1710 498 αἰδῶ
1741 470 1815 512 per

262 542 306 567 se
334 527 545 583 spectandi
577 534 684 579 sunt,
714 542 808 568 cum
837 528 1126 583 logaoedicum
1156 535 1332 569 metrum
1359 527 1614 567 notissimum
1633 525 1816 567 efficiant

261 608 339 637 nec
369 609 461 637 cum
491 595 832 653 praecedentibus
861 595 1155 640 confundendi.
1205 595 1255 637 In
1284 602 1356 639 str.
1385 596 1421 650 β’
1446 610 1611 637 versum
1631 593 1812 649 primum

263 669 304 704 et
332 663 496 704 tertium
529 663 634 704 duco
664 677 752 705 esse
783 663 1067 720 quaternarios
1097 664 1184 706 sive
1216 662 1466 721 tetrapodias
1497 661 1704 704 iambicas.

884 749 923 776 v.
957 734 1196 775 397—435.

374 796 544 842 Jonicos
574 814 598 840 a
628 799 788 844 minore
817 800 978 844 duobus
1008 800 1152 859 primis
1177 799 1277 844 locis
1297 806 1432 843 statuo
1458 798 1602 842 eadem
1621 797 1672 840 de
1692 813 1816 840 causa

263 882 388 922 quam
418 867 498 908 iam
531 875 650 923 antea
680 870 812 912 attuli.

377 934 608 978 Adicienda
636 936 833 979 videntur
861 936 1063 979 nonnulla
1104 951 1211 992 quae
1248 943 1381 978 metra
1421 934 1682 990 singulorum
1727 947 1815 975 vcr-

263 1018 383 1044 suum
431 1005 687 1060 perlustrans
740 1005 970 1049 observavi.
1051 1005 1237 1061 Chocph.
1289 1005 1384 1047 770.
1461 1003 1557 1044 Non
1615 1001 1816 1043 assentior

264 1069 496 1115 Schmidtio
515 1072 680 1115 ordines
699 1077 775 1116 νῦν
791 1074 1124 1131 παραιτουμένᾳ
1140 1092 1225 1130 μοι,
1242 1074 1385 1128 πάτερ
1405 1078 1500 1115 Ζεῦ.
1532 1075 1645 1114 θεῶν
1661 1072 1816 1126 Ὀλυμ·

263 1139 376 1182 πίων
407 1141 457 1180 ad
489 1156 616 1182 unum
648 1142 926 1198 coniungenti.
981 1141 1184 1193 Quamvis
1214 1141 1408 1183 creticum
1440 1153 1660 1182 numerum
1691 1152 1815 1195 quem

265 1206 320 1252 G.
339 1208 606 1251 Hermannus
636 1210 679 1251 in
711 1211 829 1253 elem.
855 1227 902 1267 P·
941 1210 1016 1252 191
1051 1209 1257 1253 trochaice
1286 1208 1570 1266 accipiendum
1603 1223 1692 1250 esse
1722 1222 1815 1249 cen-

264 1279 357 1330 suit,
385 1277 428 1318 in
460 1278 687 1320 trochaicos
718 1278 883 1321 ordines
911 1278 1022 1337 apud
1041 1278 1226 1322 Graecos
1259 1285 1299 1321 et
1314 1277 1525 1321 Romanos
1553 1276 1669 1320 exire
1697 1290 1818 1334 posse

264 1346 363 1387 satis
392 1354 535 1388 notum
566 1347 629 1399 sit,
662 1362 744 1388 non
775 1355 914 1389 tamen
943 1349 1078 1404 reperi
1108 1348 1219 1404 apud
1248 1354 1389 1404 poe'tas
1419 1347 1597 1402 tragicos
1615 1345 1816 1387 eiusmodi

264 1414 456 1471 exempla
486 1415 636 1470 quibus
654 1415 874 1458 Schmidtii
909 1430 1104 1458 versuum
1129 1415 1432 1457 meticndorum
1459 1414 1562 1456 ratio
1579 1419 1705 1470 queat
1721 1427 1816 1454 con-

265 1482 432 1526 firmari.
488 1483 694 1540 Exempla
723 1484 826 1525 mihi
855 1491 1021 1541 praesto
1051 1492 1148 1526 sunt
1178 1485 1275 1541 Lysv
1306 1484 1407 1528 ¹784.
1441 1483 1577 1526 Plaut.
1613 1482 1814 1538 Bacchyl.

265 1550 361 1595 633.
401 1550 571 1592 Rudens
611 1552 706 1594 211.
776 1552 872 1594 Non
911 1559 1051 1612 tamen
1098 1554 1229 1610 probo
1261 1552 1513 1610 Westphalii
1567 1549 1812 1594 sententiam

264 1620 377 1676 (pag.
411 1619 524 1675 850),
554 1620 705 1662 cretico
735 1620 777 1661 in
809 1621 1067 1678 antistropha
1096 1621 1347 1678 respondere
1379 1635 1499 1678 posse
1530 1619 1814 1662 ditrochaeum

262 1687 491 1729 irrationali
521 1703 714 1730 mensura
745 1688 1054 1742 diudicandum,
1086 1688 1189 1731 cum*
1210 1704 1294 1732 non
1318 1690 1451 1732 solum
1469 1688 1605 1732 desint
1623 1687 1816 1744 exempla

264 1755 315 1796 ad
346 1756 454 1796 hanc
483 1757 730 1798 sententiam
760 1757 1021 1810 firmandam,
1065 1759 1141 1799 nisi
1181 1758 1288 1800 forte
1331 1764 1491 1799 textum
1524 1755 1815 1812 Aristophanis

262 1823 397 1880 ipsum
429 1823 657 1880 depravare
687 1825 804 1867 nobis
835 1826 1088 1883 propositum
1122 1834 1195 1880 est,
1227 1834 1268 1869 ct
1299 1826 1350 1868 ad
1383 1825 1719 1882 antistrophicam
1754 1838 1816 1865 re-

264 1892 527 1948 sponsionem
567 1893 825 1936 efficiendam
871 1910 953 1937 non
995 1895 1129 1937 solum
1167 1896 1370 1952 rhythmi,
1411 1894 1481 1937 sed
1522 1893 1644 1936 etiam
1696 1892 1817 1934 metri

264 1960 494 2018 postuletur
521 1962 758 2018 aequalitas.
1788 1958 1792 1962 ’

376 2029 491 2071 Pers.
521 2030 747 2073 275-278
779 2032 1026 2075 Audiendus
1063 2038 1125 2074 est
1155 2031 1409 2076 Schmidtius
1442 2046 1535 2074 cum
1567 2030 1732 2074 ordines
1762 2030 1819 2074 ita

263 2098 484 2140 constituat

376 2167 454 2219 ἴυζ’
484 2169 686 2224 ἄποτμον
714 2169 833 2225 βοὰν·

374 2240 539 2285 αἰανεῖς
570 2239 747 2291 Πέρσαι,
779 2239 821 2279 0³3¹.
886 2238 1105 2279 Adductus
1135 2254 1226 2279 sum
1258 2239 1311 2279 ad
1346 2239 1451 2279 hanc
1489 2238 1736 2279 sententiam
1769 2253 1816 2280 ea

263 2302 517 2359 potissimum
551 2304 613 2346 de
633 2320 755 2354 musa
785 2307 894 2362 quod
938 2308 1099 2349 numeri
1142 2308 1432 2363 aequalitatem
1476 2323 1569 2348 cum
1603 2307 1819 2349 Dindorfio

261 2372 438 2414 restituit
467 2373 508 2414 in
549 2374 718 2430 stropha
762 2375 826 2416 vir
869 2375 1138 2420 doctissimus.
1201 2376 1382 2419 Ordines
1423 2384 1520 2418 sunt
1556 2376 1732 2418 iambico
1780 2402 1803 2406 -

263 2441 469 2483 trochaici.
584 2438 587 2441 ’
788 2453 795 2461 '

376 2510 523 2568 Suppl.
571 2511 636 2556 80.
698 2512 837 2555 Probo
880 2512 1100 2555 Schmidtii
1140 2512 1343 2554 sententia
1382 2527 1598 2555 numerum
1644 2511 1820 2554 trochai-

261 2595 354 2621 cum
385 2580 426 2620 in
459 2580 604 2625 ordine
631 2583 714 2624 κάν
744 2584 887 2637 σκότῳ
927 2581 1116 2637 μελαίνᾳ
1154 2583 1365 2638 ξυντυχίᾳ
1406 2582 1643 2637 μερόπεσσι
1681 2584 1818 2630 λαοῖς.

263 2654 421 2696 Versus
464 2658 622 2693 constat
661 2666 713 2693 ex
753 2649 984 2706 tetrapodia
1025 2651 1232 2691 trochaica
1274 2650 1511 2691 catalectica
1556 2657 1596 2690 et
1644 2649 1821 2690 dimetro

263 2721 523 2779 anapaestico
560 2747 604 2752 —-
639 2717 893 2776 logaoedico.
940 2718 1068 2760 Cuius
1099 2719 1264 2774 generis
1295 2732 1489 2761 versuum
1523 2717 1657 2760 simile
1686 2724 1823 2760 exstat

263 2791 502 2847 exemplum
605 2827 638 2838 v
673 2815 687 2817 -
728 2822 761 2834 ψ
791 2814 815 2816 -
851 2822 936 2833 vc,
972 2813 999 2816 -
1031 2822 1062 2834 ο

377 2856 523 2913 Suppl.
561 2857 654 2901 146.
698 2857 924 2899 Reicienda
953 2864 1015 2899 est
1034 2856 1256 2900 Schmidtii
1285 2857 1454 2898 alterius
1475 2857 1671 2912 strophae
1694 2856 1821 2912 partis

261 2925 457 2968 mensura
486 2925 761 2983 anapaesfica,
794 2939 886 2967 cum
917 2924 1020 2968 ordo
1045 2925 1339 2982 οὐρανόνικον·
1363 2928 1559 2982 χαλεποῦ
1580 2926 1661 2981 γὰρ
1677 2939 1821 2982 paroe-
