2086 3358
813 264 1097 308 -35-

782 611 976 658 Pars
1007 612 1128 658 IV.

405 756 466 835 1]ss
497 770 673 848 [graecae
705 753 950 848 tragoediae
981 753 1126 834 initiis
1161 753 1494 848 quaestiuncula.
1520 809 1525 817 -

300 882 434 924 Arion
455 882 775 939 Methymnaeus
806 882 964 939 primus
995 887 1115 938 poe'ta
1133 881 1346 923 Herodoto
1379 882 1411 934 1,
1443 882 1497 924 23
1529 889 1570 924 et
1600 883 1731 926 Suida

180 966 210 995 s.
232 967 271 992 v.
290 951 422 993 Arion
449 952 681 993 auctoribus
702 952 880 993 ‚chorum
900 950 1249 1008 dithyrambicum
1272 950 1471 1008 disposuit
1486 957 1730 1008 textumque

180 1019 215 1062 ei
245 1020 443 1077 subdidit4
499 1020 550 1061 In
592 1035 674 1076 quo
710 1020 767 1062 ita
808 1019 906 1076 egit,
949 1025 995 1061 ut
1032 1019 1237 1062 elementa
1267 1019 1536 1076 incomposita
1569 1023 1727 1075 κώμους

179 1095 220 1129 et-
236 1091 536 1145 ὑπορχήματα,
556 1089 708 1131 Athen.
736 1088 793 1140 ΙΙ,
826 1088 910 1130 362
940 1088 973 1128 si
1004 1088 1258 1144 respicimuS,
1279 1088 1563 1144 coniungeret.
1597 1087 1728 1130 Porro

179 1157 294 1197 initia
324 1157 529 1212 quaedam
560 1157 756 1197 dramatis
787 1158 839 1198 ab
871 1156 1060 1213 Epigene
1079 1156 1276 1212 Sicyonio
1306 1157 1490 1212 profecta
1519 1165 1628 1210 sunt,
1658 1158 1729 1213 qui

179 1224 334 1281 aliquid
365 1224 417 1266 ad
435 1223 646 1267 Bacchum
679 1239 761 1267 non
783 1224 994 1282 pertinens
1024 1226 1183 1282 (ἀπρος
1200 1225 1417 1279 διόνυσον)
1445 1225 1602 1282 primus
1634 1240 1727 1282 pro-

181 1293 347 1335 duxisse
376 1294 519 1346 fertur,
564 1294 605 1334 ni
636 1294 770 1346 fallor,
811 1293 920 1351 apud
953 1293 1224 1335 Plutarchum
1266 1293 1307 1335 in
1338 1293 1487 1351 Symp.
1522 1296 1558 1347 1,
1602 1308 1727 1350 quam

180 1362 348 1417 quidem
393 1377 536 1403 vocem
577 1369 719 1417 postea
759 1363 799 1402 in
839 1362 1105 1418 proverbium
1150 1363 1296 1402 abiisse
1335 1363 1432 1403 satis
1483 1369 1626 1403 notum
1668 1369 1729 1402 est
1770 1413 1772 1415 Ι

181 1431 251 1484 (cf.
285 1430 370 1471 Cic.
402 1430 453 1470 ad
469 1430 593 1471 Attio.
630 1430 782 1485 16,13).
817 1430 927 1481 Quid
959 1430 1280 1486 intelligendum
1313 1430 1364 1471 sit
1384 1431 1728 1485 ἀπροςδιόνυσον

178 1498 296 1552 illud,
336 1498 417 1539 iam
451 1497 707 1539 Boeckhium
749 1498 845 1539 satis
876 1498 982 1539 bene
1022 1497 1241 1554 protulisse
1272 1511 1418 1541 censeo
1447 1497 1729 1553 (Staatshaus-

179 1567 268 1607 halt
298 1566 372 1608 der
403 1566 592 1607 Athener
626 1566 678 1618 ll,
710 1566 828 1620 362).
889 1566 1007 1607 Nihil
1044 1566 1156 1606 aliud
1197 1574 1295 1623 puto
1337 1582 1461 1622 quam
1502 1568 1729 1623 τραγικοὺς

180 1637 328 1692 χοροὺς
361 1649 413 1677 ex
444 1634 758 1691 dithyrambieis
793 1634 945 1676 Bacchi
974 1635 1177 1692 profectos
1208 1635 1454 1678 assentiente
1486 1634 1551 1677 vel
1593 1634 1727 1691 potius

180 1703 370 1745 tradente
400 1702 556 1745 Herod.
580 1702 627 1755 V,
655 1703 723 1755 67,
746 1718 828 1743 non
862 1705 1133 1758 σατυρικοὺς,
1163 1710 1209 1744 ut
1228 1703 1431 1760 quispiam
1457 1703 1730 1755 contenderit,

182 1772 394 1827 mirorque
430 1772 619 1814 homines
660 1771 800 1813 doctos
831 1771 882 1813 de
914 1771 992 1812 hac
1025 1787 1070 1813 re
1102 1779 1185 1813 tam
1217 1772 1392 1828 simplici
1422 1771 1580 1814 tamdiu
1614 1772 1729 1813 dubi-

179 1847 296 1883 tasse.
363 1839 461 1882 Post
491 1839 724 1897 Epigencm
771 1846 912 1881 sextus
958 1839 1141 1882 decimus
1185 1844 1307 1898 poeta
1338 1840 1520 1898 tragicus
1553 1839 1730 1898 Thespis

176 1911 300 1949 fuisse
326 1909 503 1948 traditur
533 1924 557 1947 a
589 1909 732 1958 Suida,
765 1909 942 1948 Athenis
974 1909 1152 1963 primus;
1182 1909 1295 1963 quod
1327 1916 1471 1949 contra
1500 1910 1542 1948 in
1573 1909 1726 1964 oppido

178 1976 454 2020 Phliasiorum
484 1976 600 2019 chori
640 1976 809 2034 satyrici
848 1975 1164 2034 dithyrambicis
1195 1976 1502 2034 quodammodo
1533 1977 1729 2019 contrarii

180 2047 318 2088 induci
346 2047 548 2099 solebant,
577 2060 659 2101 quo
689 2046 732 2086 in
762 2060 916 2101 genere
945 2046 1136 2086 Pratinas
1167 2046 1425 2102 potissimum
1456 2046 1521 2097 (cf.
1555 2045 1729 2088 Aristot.

183 2116 234 2158 de
266 2123 354 2157 arte
397 2121 505 2172 poe't.
539 2128 629 2170 cap.
665 2115 721 2167 3.)
751 2114 994 2156 excellebat.
1057 2114 1186 2171 Apud
1215 2114 1567 2157 Lacedaemonios
1600 2118 1711 2171 ὑπορ

178 2188 356 2242 χήματα
387 2198 494 2240 quae
522 2183 765 2225 dicebantur
796 2183 862 2238 (cf.
890 2183 1056 2236 Muller,
1086 2184 1152 2226 die
1181 2183 1331 2226 Dorier
1351 2183 1389 2225 [Ι
1417 2199 1512 2241 pag.
1542 2185 1646 2239 366)
1678 2186 1730 2226 ab

181 2253 328 2295 helotis
372 2252 613 2306 edebantur,
652 2253 762 2310 apud
796 2252 988 2294 Boeotios
1029 2254 1466 2309 αὐτοσχεδιάσματα.
1528 2252 1644 2295 Haec
1674 2253 1733 2294 in-

179 2322 404 2378 composita
427 2321 560 2363 Arion
589 2321 720 2365 Suida
751 2329 918 2364 auctore
949 2323 1005 2363 ita
1036 2321 1247 2379 disposuit,
1278 2330 1323 2364 ut
1353 2322 1526 2363 chorum
1558 2323 1728 2378 eiusque

179 2390 336 2431 cantica
381 2391 433 2430 ad
479 2405 666 2432 normam
714 2391 925 2447 quandam
967 2390 1189 2446 redigeret,
1237 2393 1404 2441 κύκλιος
1443 2391 1537 2432 ideo
1567 2390 1733 2432 videtur

179 2458 414 2501 nominatus
453 2458 615 2510 chorus,
654 2473 737 2501 non
776 2459 887 2515 quod
926 2459 1148 2502 choreutae
1189 2459 1298 2500 circa
1323 2458 1477 2501 Bacchi
1508 2474 1622 2500 aram
1654 2459 1732 2500 sal-

178 2534 326 2580 tarent,
356 2527 427 2570 sed
458 2526 569 2583 quod
600 2542 768 2570 carmen
798 2528 934 2584 ipsum
966 2528 1108 2570 circuli
1136 2530 1266 2570 instar
1295 2528 1410 2584 quasi
1442 2527 1494 2569 ad
1524 2542 1569 2570 se
1597 2528 1731 2584 ipsum

178 2597 315 2649 rediit,
346 2611 473 2652 quum
506 2596 685 2652 strophis
702 2597 986 2654 antistrophae
1003 2596 1304 2653 responderent
1322 2603 1537 2652 totumque
1552 2603 1735 2652 systema

177 2665 310 2722 epodo
352 2679 458 2721 quae
501 2664 715 2706 dicebatur
756 2665 948 2708 concludi
993 2665 1172 2717 soleret3
1204 2665 1316 2707 unde
1356 2665 1489 2721 lyrica
1529 2664 1733 2720 quaedam

174 2733 388 2791 tragoedia
405 2733 472 2787 (cf.
492 2733 674 2787 Boeokh,
688 2733 1023 2778 Staatshaushalt
1039 2734 1114 2776 der
1126 2734 1316 2777 Athener
1335 2733 1392 2787 11,
1412 2733 1515 2787 362)
1535 2733 1736 2776 effloruit.

178 2804 248 2846 De
285 2817 459 2845 numero
504 2802 808 2859 quinquaginta
843 2811 1059 2846 cantorum
1103 2797 1186 2845 non
1226 2803 1359 2845 edocti
1397 2816 1538 2844 sumus
1577 2803 1732 2845 nuntiis

178 2871 500 2916 veterumPind.
535 2870 602 2915 Ol.
641 2873 704 2925 13,
718 2872 785 2925 25,
815 2872 974 2916 Herod.
1009 2872 1127 2925 1,23‚
1160 2872 1300 2916 Schol.
1331 2872 1382 2913 ad
1413 2872 1530 2914 illum
1562 2872 1734 2914 Pindari

176 2942 315 2985 locum
350 2945 432 2985 ἐκεῖ
472 2942 556 2998 γὰρ
594 2942 739 2999 ὡράὲη
782 2946 805 2985 ὁ
851 2944 974 3001 χορὸς
1016 2944 1282 3000 ὀρχούμενος·
1314 2940 1469 2993 ἔστησε
1514 2943 1559 2985 δὲ
1595 2944 1734 2987 αὐτὸν

1403 3009 1454 3052 3*
