2086 3358
794 268 850 304 .-
909 239 965 287 19
1005 248 1081 277 ’-

134 363 144 371 ’
166 377 207 415 et
249 369 302 414 ad
344 368 614 415 mutationem
662 370 852 429 rhythmi
889 369 1148 415 efficiendam
1199 371 1320 416 facile
1367 372 1511 417 haberi
1565 379 1721 430 queant

166 441 378 497 aptissimi.
422 441 474 481 In
494 441 614 482 tertio
632 440 810 496 syzygio
840 440 1124 482 constituendo
1155 455 1254 482 non*
1269 441 1403 494 video,
1433 456 1506 483 cur
1526 442 1719 485 Schmid-

166 508 246 549 tius
278 524 302 548 a
331 508 491 550 traditis
521 508 766 550 lectionibus
796 514 837 549 et
866 506 1098 549 Hermanni
1141 515 1279 551 textus
1318 509 1452 551 forma
1493 509 1719 565 mettisque

165 575 328 618 statutis
357 575 582 618 recesserit.
623 574 811 617 Coniecit
839 574 905 616 vir
934 574 1090 629 doctus,
1123 589 1217 617 cum
1238 576 1480 619 coniecturis
1503 591 1587 619 non
1607 584 1715 620 esset

166 659 269 701 opus
305 644 526 700 emisitque
564 657 783 700 quaerere,·
825 643 1033 699 quomodo
1072 644 1361 700 logaoedicum
1397 653 1580 702 systema
1620 653 1717 703 apte

165 712 355 756 concludi
384 713 526 769 possit.
584 711 716 754 Porro
747 711 1025 754 coniecturam
1055 715 1212 755 οἰκέϊον
1249 712 1451 770 improbo,
1490 729 1587 755 cum
1625 728 1717 756 cam

165 781 314 822 ducam
344 780 442 822 satis
470 781 662 822 ieiunam.
703 782 889 836 δαίμονα
918 780 1029 822 enim
1058 780 1305 822 Atridarum
1344 781 1514 823 domum
1554 781 1713 823 iniuriis

165 855 483 905 persequentem
513 850 669 892 οἰκέϊον
699 863 787 891 esse
815 863 891 904 per
918 862 962 890 se
991 855 1164 904 apparet
1202 863 1339 904 neque
1378 849 1546 891 videtur
1585 864 1714 892 enun-

166 916 374 969 tiandum3
412 915 669 958 desideratur
700 924 838 958 tamen
867 916 910 956 in
940 916 1116 958 lectione
1145 915 1366 958 Schmidtii
1396 931 1444 959 ea
1473 931 1552 970 res,
1590 931 1716 972 quam

167 985 268 1026 deus
317 983 490 1040 perdere
536 983 685 1026 studet.
760 983 877 1025 Ordo
924 984 1084 1040 ἀτηρᾶς
1135 985 1274 1039 τύχας
1325 985 1565 1040 ἀκορέστου
1610 1019 1644 1031 ψ
1663 1010 1715 1016 —-

167 1078 274 1100 —v
297 1078 346 1084 -
370 1087 455 1099 „v
478 1077 531 1083 ——
553 1077 605 1083 —
647 1051 681 1092 is
721 1058 793 1105 est,
838 1059 883 1093 ut
920 1051 964 1092 in
1003 1047 1188 1093 clausula
1230 1051 1392 1094 admitti
1432 1052 1548 1094 nullo
1592 1052 1716 1095 modo

167 1128 305 1177 queat,
334 1120 576 1178 praesertim
606 1134 700 1162 cum
729 1119 865 1162 ordini
896 1121 1164 1177 pherecrateo
1194 1128 1235 1162 et
1263 1121 1472 1177 glyconeo
1503 1121 1611 1163 basis
1630 1135 1715 1163 non

165 1189 399 1245 praecedat,
429 1203 523 1230 eum
552 1188 635 1230 tale
663 1187 764 1243 quid
793 1203 1010 1244 nusquam,
1039 1189 1108 1229 ubi
1139 1188 1191 1230 de
1219 1188 1419 1230 eiusmodi
1449 1189 1637 1231 versibus
1667 1189 1715 1231 fit

165 1256 331 1309 mentio,
374 1263 730 1298 commemoretur.
793 1255 952 1312 (Heph.
988 1271 1028 1312 p.
1066 1256 1135 1309 56,
1177 1254 1323 1297 Herm.
1362 1256 1482 1298 elem.
1520 1271 1561 1312 p.
1586 1256 1714 1312 520.)

167 1325 335 1366 Iambus
361 1324 490 1379 igitur
518 1324 606 1366 sine
637 1323 762 1365 dubio
793 1323 846 1364 ad
877 1338 1044 1365 versum
1071 1323 1264 1379 proxime
1301 1323 1614 1366 antecedentem
1650 1337 1713 1366 re-

164 1391 358 1434 ferendus
387 1398 459 1432 est.
500 1390 625 1432 Falso
653 1390 821 1432 metitur
850 1390 1107 1433 Schmidtius
1137 1405 1303 1432 versum
1332 1398 1575 1446 sequentem
1605 1392 1644 1440 ἰὴ
1673 1392 1713 1439 ἰὴ

166 1461 255 1501 διαὶ
291 1463 390 1510 Διὸς
428 1458 670 1501 παναιτίου
709 1460 969 1514 πανεργέτα,
1019 1473 1114 1499 cum
1155 1449 1386 1500 caesuram*
1406 1466 1501 1516 post
1537 1459 1716 1516 primam

165 1528 372 1584 syllabam
403 1544 494 1568 παν
523 1527 565 1567 in
595 1541 697 1568 voce
728 1528 965 1569 παναιτίου
993 1533 1158 1568 statuat.
1198 1526 1318 1577 Quae
1344 1534 1484 1569 tamen
1515 1527 1603 1568 eius
1622 1541 1714 1569 sen-

165 1595 294 1638 tentia
322 1594 416 1637 ideo
446 1600 582 1651 potest
610 1593 800 1636 excusari
829 1592 940 1648 quod
973 1593 1228 1635 trochaicum
1259 1608 1478 1637 numerum
1500 1594 1717 1637 restituere

165 1670 336 1706 conatus
365 1670 438 1705 est.
497 1662 616 1713 Quae
647 1658 785 1703 tamen
815 1675 881 1703 res
912 1661 1080 1703 omnino
1120 1662 1349 1704 necessaria
1387 1677 1472 1704 non
1511 1668 1585 1715 est,
1621 1677 1715 1703 cum

166 1746 294 1788 pausa
324 1737 417 1788 post
446 1731 683 1786 ἀκορέστου
713 1729 875 1770 sublata
905 1729 1116 1786 longaque
1153 1729 1329 1786 syllaba,
1373 1744 1457 1791 ηοξ]
1496 1730 1624 1782 brevi,
1668 1736 1715 1771 ut

165 1812 367 1856 perquam
394 1798 533 1854 inepte
562 1797 718 1839 sensuit
747 1796 1014 1850 Schmidtius,
1055 1811 1194 1840 arseos
1230 1812 1324 1839 cum
1364 1798 1470 1839 thesi
1508 1797 1581 1839 fiat
1621 1812 1715 1839 con-

166 1869 299 1909 cursio
328 1867 446 1907 iusta.
490 1864 607 1907 Ordo
637 1865 780 1919 igitur,
809 1864 861 1907 de
890 1880 973 1920 quo
1004 1866 1261 1921 exponimus,
1293 1873 1454 1908 constat
1477 1880 1531 1908 ex
1555 1865 1715 1908 duabus

166 1933 405 1992 tetrapodiis
435 1932 488 1974 ad
520 1947 649 1974 unum
677 1930 864 1975 ordinem
895 1932 1145 1986 coniunctis3
1174 1933 1230 1975 ita
1260 1932 1370 1975 enim
1396 1948 1491 1976 eum
1514 1932 1715 1990 accipien-

165 2003 266 2043 dum
294 2016 382 2044 esse
409 2001 656 2057 intelligitur
686 2015 739 2041 ex
767 2001 931 2055 syllaba
960 2018 1052 2043 παν
1080 2001 1196 2043 initio
1225 2002 1395 2044 alterius
1432 2002 1560 2057 partis
1598 2016 1714 2042 usur-

165 2078 274 2126 pata.
328 2063 497 2111 Erravit
524 2076 711 2111 extremo
743 2069 833 2110 loco
864 2068 1135 2122 Schmidtius,
1165 2084 1259 2111 cum
1290 2069 1477 2111 ultimam
1508 2068 1717 2125 syllabam

164 2137 208 2179 in
240 2138 377 2179 ἐστὶν
407 2135 531 2177 ducat
558 2135 819 2192 productam.
877 2134 995 2177 Ordo
1025 2142 1088 2177 est
1128 2135 1336 2192 dactylico
1372 2162 1415 2167 -
1449 2136 1715 2192 logaoedicus

165 2206 209 2246 in
247 2205 500 2256 trochaeum,
540 2212 585 2244 ut
627 2218 703 2259 per
741 2218 786 2245 se
824 2210 1010 2260 apparet,
1051 2204 1206 2246 exiens.
1266 2204 1481 2246 Vocabula
1521 2204 1632 2246 enim
1669 2207 1717 2248 τί

152 2274 295 2316 ’τῶνδ’
325 2272 379 2314 ad
409 2286 575 2313 versum
603 2285 894 2327 praegressum
923 2271 1072 2324 refero,
1111 2271 1169 2313 ita
1198 2278 1244 2312 ut
1272 2271 1358 2314 eius
1396 2279 1584 2314 extremo
1623 2272 1715 2314 loco

165 2341 317 2384 existat
345 2340 518 2383 creticus
545 2338 597 2380 ad
627 2338 874 2381 sententiam
897 2339 1145 2381 firmandam
1173 2339 1217 2381 in
1235 2355 1355 2381 usum
1377 2339 1531 2382 vocatis
1554 2338 1715 2381 duobus

165 2409 265 2451 locis
284 2408 429 2464 Antig.
461 2407 543 2450 359
574 2414 615 2449 et
644 2407 740 2449 369.
785 2407 835 2449 Id
868 2407 981 2463 quod
1010 2407 1123 2449 haud
1152 2409 1258 2450 bene
1287 2408 1495 2450 intellexit
1523 2408 1589 2449 vir
1618 2408 1714 2449 doc-

166 2469 358 2528 tissimus,
400 2490 493 2517 eum
521 2475 708 2517 ordinem
740 2475 998 2517 constituerit
1041 2475 1163 2518 valde
1201 2476 1429 2528 confusum,
1472 2491 1525 2518 ne
1566 2476 1714 2527 dicam,

165 2544 291 2600 plane
317 2543 554 2586 absurdum.
614 2542 728 2594 Quid
757 2542 867 2586 enim
896 2543 974 2585 sibi
1003 2544 1105 2586 velit
1133 2559 1261 2601 pausa
1290 2551 1383 2601 post
1411 2544 1592 2601 primum
1632 2551 1714 2586 tro-

165 2613 352 2665 chaeum,
366 2611 602 2668 intelligere
617 2626 699 2652 non
720 2625 848 2666 queo;
878 2611 921 2651 in
941 2612 1212 2668 terrumpitur
1227 2612 1359 2653 omnis
1376 2612 1715 2667 logaoedicorum

165 2695 360 2722 versuum
390 2680 562 2723 indoles.
864 2690 866 2692 ·

278 2747 347 2790 De
375 2748 543 2790 canticis
573 2748 617 2790 in
648 2747 920 2805 Choephoris.

280 2816 451 2873 Ubique
469 2818 555 2860 fere
572 2816 792 2860 Schmidtii
808 2816 1010 2859 sententia
1030 2817 1136 2858 iusta
1154 2816 1476 2872 reprehensione
1496 2824 1557 2859 est
1573 2816 1714 2872 digna,

165 2900 260 2927 cum
287 2885 483 2929 iambicos
513 2885 692 2939 ordines,
722 2885 764 2927 ni
796 2884 931 2937 fallor,
973 2899 1178 2941 nusquam
1206 2891 1388 2928 statuere
1420 2892 1604 2938 conetur,
1641 2884 1714 2928 sed
