2086 3358
831 227 1113 272 -33-

194 356 358 399 dicendi
388 372 504 400 more
530 358 662 415 repeti
690 372 774 400 non
804 357 960 410 solent3
990 357 1326 413 frequentissime
1351 364 1495 400 contra
1520 359 1755 415 complures

192 425 433 483 negationes
464 426 516 467 ad
548 427 790 483 negativam
820 427 916 478 vim,
947 433 994 469 ut
1022 426 1080 468 ita
1110 426 1258 479 dicam,
1290 427 1417 469 totius
1448 415 1649 469 enuntiati
1680 444 1752 470 au-

194 494 375 550 gendam
405 495 684 540 inveniuntur.
741 495 827 539 Sed
857 495 1072 538 videamus
1104 503 1253 539 cetera.
1315 498 1385 538 ὦδ’
1416 492 1524 552 putox
1547 510 1636 538 esse
1665 511 1752 539 cor·

193 569 374 620 ruptum,
412 563 595 616 fortasse,
631 564 665 605 si
705 564 917 621 propriam
959 579 1008 605 ac
1048 564 1300 620 peculiarem
1338 564 1585 606 sententiam
1615 580 1751 608 meam

195 632 237 673 in
281 631 463 673 medium
489 632 638 674 afferre
676 633 783 685 licet,
823 647 876 674 ex
926 632 1209 689 dittographia
1251 646 1359 688 quae
1399 631 1561 684 dicitur,
1602 638 1752 683 ortum,
1792 644 1794 647 ’

194 700 383 756 proxime
407 700 675 743 antecedente
697 716 798 742 voce
828 701 882 742 ἔθ
899 720 959 736 ==
980 700 1058 742 ἔτι.
1100 702 1172 742 ὧδ’
1203 700 1235 740 si
1267 701 1435 742 omnino
1466 700 1752 741 adhibendum

192 774 268 822 est,
308 767 515 824 significat
542 768 831 824 gradationem
861 767 1087 825 quandam,
1122 783 1206 825 qua
1236 783 1330 810 cum
1360 768 1433 810 fiat
1463 783 1539 826 per
1586 767 1751 811 interie-

193 835 384 889 ctionem,
424 836 545 878 totius
575 837 802 879 sententiae
831 837 894 877 vis
922 851 1179 893 magnopere
1209 844 1398 892 augetur.
1458 836 1580 887 Quae
1611 844 1750 877 tamen

193 903 384 960 gradatio
410 904 701 948 interiectionis
718 904 875 947 auxilio
903 904 1102 958 exhibita,
1128 905 1205 946 nisi
1237 905 1377 946 omnia
1406 919 1474 947 me
1503 904 1666 957 fallunt,
1697 904 1749 945 ab

194 974 273 1013 hoc
313 973 402 1015 loco
444 973 567 1016 valde
604 974 815 1027 abhorret,
852 974 1098 1031 praesertim
1128 989 1255 1030 quum
1285 974 1369 1015 iam
1398 987 1474 1030 per
1503 973 1748 1031 particulam

192 1041 260 1082 ἔτι
289 1042 548 1084 enuntiatum
579 1042 889 1098 quodammodo
919 1043 1207 1099 amplificetur.
1270 1042 1414 1084 Tertio
1445 1043 1535 1084 loco
1566 1056 1746 1084 commc-

193 1110 395 1152 moranda
425 1118 486 1154 est
524 1110 775 1153 constructio
805 1126 830 1153 a
860 1110 1120 1154 Graecorum
1152 1110 1452 1154 consuetudine
1481 1110 1645 1153 dicendi
1677 1110 1750 1152 ali-

193 1193 269 1220 ena
301 1182 491 1234 ἐφάλοις
522 1179 713 1229 κλισίαις
745 1183 843 1235 ὄμμ’
876 1180 1000 1236 ἔχων,
1030 1195 1115 1222 non
1145 1181 1256 1222 enim
1290 1184 1404 1237 ἐχειν
1435 1195 1529 1221 cum
1559 1180 1648 1221 solo
1678 1180 1751 1220 da-

191 1247 278 1289 tivo
306 1255 441 1303 potest
470 1248 678 1303 coniungi.
721 1248 786 1289 Ac
816 1264 900 1290 non
931 1249 1065 1290 solum
1096 1265 1204 1304 quae
1235 1249 1428 1290 videntur
1456 1248 1750 1305 vituperanda,

190 1314 258 1354 hic
289 1314 476 1366 afferam,
508 1313 578 1355 sed
611 1328 720 1370 quae
749 1329 842 1356 mea
872 1315 1040 1371 quidem
1071 1316 1274 1358 sententia
1305 1330 1399 1357 cum
1429 1315 1674 1369 desiderem,
1704 1315 1747 1356 in

192 1390 353 1426 textum
396 1390 559 1440 recepta
599 1383 736 1426 velim.
796 1383 894 1426 Non
935 1384 982 1427 fit
1020 1385 1173 1428 mentio
1203 1385 1400 1442 temporis
1443 1400 1526 1441 quo
1557 1400 1605 1427 ea
1637 1400 1745 1441 quae

193 1458 580 1504 commemorantur,
610 1452 832 1494 choreutae
875 1460 946 1494 aut
976 1453 1068 1496 fieri
1091 1461 1163 1495 aut
1203 1454 1342 1495 futura
1371 1467 1460 1496 esse
1491 1453 1742 1507 existimant,

193 1520 342 1563 deinde
381 1521 499 1562 abest
537 1535 561 1562 a
587 1520 724 1562 verbis
763 1528 809 1562 ut
847 1520 931 1577 legi
971 1522 1105 1564 solent
1136 1522 1202 1564 ἔθ’
1234 1523 1304 1564 ὧδ’
1336 1525 1529 1576 ἐφάλοις
1557 1525 1746 1573 κλισίαις

193 1588 529 1632 commemoratio
580 1588 896 1646 longinquitatis
952 1591 1162 1648 temporis,
1219 1591 1400 1647 denique
1455 1590 1498 1632 in
1550 1592 1745 1647 ἐφάλοις

192 1657 378 1706 κλισίαις
415 1649 513 1710 ὄμμ’
558 1658 665 1710 ἔχων
706 1670 790 1696 non
819 1655 926 1697 inest
955 1664 1145 1698 accurata
1174 1658 1261 1699 eius
1291 1659 1350 1700 rei
1381 1674 1464 1714 quo
1508 1659 1613 1700 oculi
1655 1674 1745 1716 spe-

192 1730 305 1766 ctant
344 1723 605 1780 significatiO.
667 1721 782 1774 Quas
820 1723 873 1765 ad
915 1725 1171 1782 corruptelas
1211 1741 1303 1768 mea
1339 1727 1533 1784 opinione
1576 1743 1659 1770 non
1691 1729 1748 1770 ita

192 1792 365 1847 exiguas
395 1792 683 1833 diminuendas
713 1805 856 1832 versus
886 1792 968 1833 duo
999 1793 1060 1833 illi
1090 1794 1169 1835 hoc
1198 1794 1322 1836 modo
1352 1796 1573 1852 legantur:

305 1861 373 1915 μὴ·
397 1866 488 1908 νῦν,
527 1861 653 1909 ἄναξ,
684 1860 778 1908 δῆτ’
821 1862 877 1909 εἰς
908 1862 1109 1915 ἐφάλους
1138 1861 1309 1913 κλισίας
1342 1858 1456 1920 ὄμμα
1487 1865 1579 1915 θεῖς
1610 1866 1749 1907 κακὰν

193 1930 333 1984 φάτιν
362 1932 448 1986 ἄρῃ,
630 1979 633 1982 Α

302 1997 500 2041 Ceterum
529 1997 806 2039 coniecturam
835 1999 930 2048 δῆτ’
949 2013 1087 2040 meam
1115 2006 1363 2055 argumento
1384 1999 1555 2041 firmare
1584 2013 1692 2054 queo
1723 2014 1747 2039 a

191 2066 313 2110 metri
341 2065 498 2124 regulis
526 2064 736 2123 profect03
759 2065 865 2109 bene
886 2066 1005 2109 enim
1023 2066 1106 2109 iam
1121 2066 1334 2109 Nauckius
1364 2067 1406 2109 in
1426 2066 1654 2125 appendice
1670 2066 1748 2109 cri-

190 2136 271 2176 tica
305 2133 422 2188 ¹vidit,
461 2135 671 2191 syllabam
709 2134 969 2190 productam,
1000 2149 1084 2176 non
1122 2142 1369 2193 correptam,
1411 2143 1456 2176 ut
1501 2138 1580 2184 ἔθ’,
1625 2135 1747 2177 metri

189 2204 432 2248 necessitate
460 2203 672 2261 postulari.

303 2272 370 2316 De
392 2272 507 2314 hiatu
535 2272 622 2314 οἴνα
647 2272 702 2322 ἐξ
728 2272 918 2329 ἑδράνων
942 2271 1024 2314 iam
1042 2270 1254 2314 Nauckius
1280 2270 1324 2313 in
1350 2269 1579 2328 appendice
1599 2268 1746 2311 critica

167 2343 466 2384 'dubitationes
483 2342 613 2383 movit
635 2341 749 2382 haud
771 2341 1047 2397 spernendas,
1076 2348 1189 2383 recte
1204 2341 1316 2383 enim
1331 2346 1472 2382 censet
1493 2339 1658 2380 criticus
1675 2338 1747 2379 ille

191 2412 274 2455 tale
293 2410 393 2468 quid
409 2411 549 2454 abesse
570 2425 594 2452 a
615 2409 831 2466 tragoedia
852 2409 1011 2453 formae
1036 2409 1390 2467 pulchritudinem
1419 2422 1503 2451 non
1524 2407 1743 2464 migrante.

193 2481 411 2523 Assentior
435 2480 563 2536 igitur
576 2477 766 2521 Nauckio
785 2479 932 2521 ἄνατα
952 2482 990 2521 δ’
1009 2481 1050 2529 ἐξ
1080 2480 1268 2537 ἑδράνων
1289 2478 1342 2519 ad
1364 2478 1445 2520 loci
1468 2476 1744 2536 corruptelam

190 2549 418 2591 sanandam
456 2547 808 2591 commemoranti.
854 2548 987 2591 Porro
1017 2549 1139 2590 metri
1159 2548 1276 2604 leges
1308 2561 1362 2589 ne
1390 2545 1597 2588 violentur
1626 2559 1744 2586 num-

191 2632 436 2674 merosaque
456 2617 529 2659 fiat
547 2632 690 2659 versus
711 2617 908 2669 clausula,
934 2616 1146 2673 μακραίων
1162 2631 1239 2674 pro
1255 2614 1492 2672 μακραίωνι
1514 2613 1603 2655 sine
1619 2613 1746 2655 dubio

192 2695 255 2731 est
285 2686 563 2730 scribendum.
612 2685 761 2741 Itaque
796 2700 940 2729 versus
980 2686 1133 2736 existit,
1170 2685 1285 2727 cuius
1329 2690 1510 2727 metrum
1542 2684 1621 2725 hoc
1667 2690 1746 2725 est:

306 2788 638 2801 ------
653 2755 670 2804 l
690 2789 961 2802 ψ-ψ-..
993 2760 1185 2796 constans
1215 2752 1383 2809 quidem
1413 2767 1466 2794 ex
1506 2751 1748 2793 choriambo

191 2825 280 2868 basi
305 2825 527 2883 spondaica
553 2824 756 2866 instructo
786 2825 1069 2881 subsequente
1099 2822 1276 2865 dimetro
1306 2821 1481 2863 iambico
1502 2821 1746 2878 hypercata-

191 2895 348 2939 lentico.
410 2894 489 2938 Cui
520 2909 604 2936 non
634 2893 760 2952 plane
791 2899 991 2936 consonat
1022 2892 1057 2934 is
1088 2892 1159 2949 qui
1189 2891 1396 2948 sequitur:

1440 2969 1467 3012 3
