<?xml version="1.0" encoding="UTF-8"?>
<!DOCTYPE html PUBLIC "-//W3C//DTD XHTML 1.0 Transitional//EN"
    "http://www.w3.org/TR/xhtml1/DTD/xhtml1-transitional.dtd">
<html xmlns="http://www.w3.org/1999/xhtml" xml:lang="en" lang="en">
 <head>
  <title>
</title>
<meta http-equiv="Content-Type" content="text/html;charset=utf-8" />
  <meta name='ocr-system' content='tesseract 3.04.00' />
  <meta name='ocr-capabilities' content='ocr_page ocr_carea ocr_par ocr_line ocrx_word'/>
</head>
<body>
  <div class='ocr_page' id='page_1' title='image "./4630380_0038.png"; bbox 0 0 2086 3375; ppageno 0'>
   <div class='ocr_carea' id='block_1_1' title="bbox 942 251 1227 296">
    <p class='ocr_par' dir='ltr' id='par_1_1' title="bbox 942 251 1227 296">
     <span class='ocr_line' id='line_1_1' title="bbox 942 251 1227 296; baseline 0 -10"><span class='ocrx_word' id='word_1_1' title='bbox 942 251 1227 296; x_wconf 71' lang='grc'>..28-</span> 
     </span>
    </p>
   </div>
   <div class='ocr_carea' id='block_1_2' title="bbox 294 377 1862 2972">
    <p class='ocr_par' dir='ltr' id='par_1_2' title="bbox 297 377 1862 639">
     <span class='ocr_line' id='line_1_2' title="bbox 301 377 1862 439; baseline 0.003 -21"><span class='ocrx_word' id='word_1_2' title='bbox 301 377 457 419; x_wconf 87' lang='lat' dir='ltr'>miacus</span> <span class='ocrx_word' id='word_1_3' title='bbox 487 378 786 436; x_wconf 89' lang='lat' dir='ltr'>paenultimum</span> <span class='ocrx_word' id='word_1_4' title='bbox 828 379 965 421; x_wconf 85' lang='lat' dir='ltr'>locum</span> <span class='ocrx_word' id='word_1_5' title='bbox 1007 380 1195 424; x_wconf 79' lang='lat' dir='ltr'>obtinere</span> <span class='ocrx_word' id='word_1_6' title='bbox 1241 397 1323 425; x_wconf 90' lang='lat' dir='ltr'>non</span> <span class='ocrx_word' id='word_1_7' title='bbox 1365 389 1488 439; x_wconf 85' lang='lat' dir='ltr'>queat</span> <span class='ocrx_word' id='word_1_8' title='bbox 1529 389 1570 425; x_wconf 87' lang='lat' dir='ltr'>et</span> <span class='ocrx_word' id='word_1_9' title='bbox 1609 381 1642 423; x_wconf 89' lang='lat' dir='ltr'>si</span> <span class='ocrx_word' id='word_1_10' title='bbox 1685 380 1862 425; x_wconf 86' lang='lat' dir='ltr'>dimeter</span> 
     </span>
     <span class='ocr_line' id='line_1_3' title="bbox 300 447 1858 506; baseline 0.004 -19"><span class='ocrx_word' id='word_1_11' title='bbox 300 447 585 503; x_wconf 81' lang='lat' dir='ltr'><strong>anapaesticus</strong></span> <span class='ocrx_word' id='word_1_12' title='bbox 617 448 809 500; x_wconf 85' lang='lat' dir='ltr'>habetur,</span> <span class='ocrx_word' id='word_1_13' title='bbox 854 456 1025 505; x_wconf 87' lang='lat' dir='ltr'>propter</span> <span class='ocrx_word' id='word_1_14' title='bbox 1053 450 1262 506; x_wconf 76' lang='lat' dir='ltr'>syllabam</span> <span class='ocrx_word' id='word_1_15' title='bbox 1296 452 1554 493; x_wconf 83' lang='lat' dir='ltr'>deficientem</span> <span class='ocrx_word' id='word_1_16' title='bbox 1584 451 1691 492; x_wconf 86' lang='lat' dir='ltr'>iusta</span> <span class='ocrx_word' id='word_1_17' title='bbox 1719 465 1858 506; x_wconf 87' lang='lat' dir='ltr'>repre-</span> 
     </span>
     <span class='ocr_line' id='line_1_4' title="bbox 299 514 1859 570; baseline 0.004 -15"><span class='ocrx_word' id='word_1_18' title='bbox 299 514 500 556; x_wconf 88' lang='lat' dir='ltr'>hensione</span> <span class='ocrx_word' id='word_1_19' title='bbox 531 514 683 570; x_wconf 89' lang='lat' dir='ltr'>dignus</span> <span class='ocrx_word' id='word_1_20' title='bbox 713 515 767 557; x_wconf 87' lang='lat' dir='ltr'>sit</span> <span class='ocrx_word' id='word_1_21' title='bbox 806 516 1039 570; x_wconf 82' lang='lat' dir='ltr'>habendus,</span> <span class='ocrx_word' id='word_1_22' title='bbox 1079 533 1173 560; x_wconf 90' lang='lat' dir='ltr'>cum</span> <span class='ocrx_word' id='word_1_23' title='bbox 1214 520 1412 562; x_wconf 89' lang='lat' dir='ltr'>eiusmodi</span> <span class='ocrx_word' id='word_1_24' title='bbox 1455 519 1619 561; x_wconf 86' lang='lat' dir='ltr'>ordines</span> <span class='ocrx_word' id='word_1_25' title='bbox 1657 519 1730 561; x_wconf 90' lang='lat' dir='ltr'>illo</span> <span class='ocrx_word' id='word_1_26' title='bbox 1768 519 1859 561; x_wconf 88' lang='lat' dir='ltr'>loco</span> 
     </span>
     <span class='ocr_line' id='line_1_5' title="bbox 297 582 1150 639; baseline 0.006 -16"><span class='ocrx_word' id='word_1_27' title='bbox 297 582 418 639; x_wconf 86' lang='lat' dir='ltr'>positi</span> <span class='ocrx_word' id='word_1_28' title='bbox 447 596 668 638; x_wconf 82' lang='lat' dir='ltr'><strong>nusquam,</strong></span> <span class='ocrx_word' id='word_1_29' title='bbox 700 583 777 624; x_wconf 87' lang='lat' dir='ltr'>nisi</span> <span class='ocrx_word' id='word_1_30' title='bbox 807 584 943 637; x_wconf 89' lang='lat' dir='ltr'>fallor,</span> <span class='ocrx_word' id='word_1_31' title='bbox 975 593 1150 629; x_wconf 85' lang='lat' dir='ltr'>exstent.</span> 
     </span>
    </p>

    <p class='ocr_par' dir='ltr' id='par_1_3' title="bbox 298 649 1858 916">
     <span class='ocr_line' id='line_1_6' title="bbox 411 649 1856 706; baseline 0.003 -14"><span class='ocrx_word' id='word_1_32' title='bbox 411 649 557 706; x_wconf 87' lang='lat' dir='ltr'>Suppl.</span> <span class='ocrx_word' id='word_1_33' title='bbox 591 651 832 696; x_wconf 74' lang='lat'>347-349,</span> <span class='ocrx_word' id='word_1_34' title='bbox 894 652 1068 695; x_wconf 86' lang='lat' dir='ltr'>Arridet</span> <span class='ocrx_word' id='word_1_35' title='bbox 1096 655 1198 696; x_wconf 88' lang='lat' dir='ltr'>mihi</span> <span class='ocrx_word' id='word_1_36' title='bbox 1229 655 1449 698; x_wconf 85' lang='lat' dir='ltr'>Schmidtii</span> <span class='ocrx_word' id='word_1_37' title='bbox 1494 670 1688 698; x_wconf 88' lang='lat' dir='ltr'>mensura</span> <span class='ocrx_word' id='word_1_38' title='bbox 1730 654 1856 696; x_wconf 85' lang='lat' dir='ltr'>doch-</span> 
     </span>
     <span class='ocr_line' id='line_1_7' title="bbox 298 718 1858 777; baseline 0.004 -20"><span class='ocrx_word' id='word_1_39' title='bbox 298 718 442 770; x_wconf 86' lang='lat' dir='ltr'>miaca‚</span> <span class='ocrx_word' id='word_1_40' title='bbox 474 733 567 758; x_wconf 87' lang='lat' dir='ltr'>eum</span> <span class='ocrx_word' id='word_1_41' title='bbox 585 720 756 765; x_wconf 49' lang='lat' dir='ltr'>,numeri</span> <span class='ocrx_word' id='word_1_42' title='bbox 780 719 1007 775; x_wconf 85' lang='lat' dir='ltr'>aequalitas</span> <span class='ocrx_word' id='word_1_43' title='bbox 1031 721 1073 761; x_wconf 91' lang='lat' dir='ltr'>in</span> <span class='ocrx_word' id='word_1_44' title='bbox 1099 722 1269 777; x_wconf 88' lang='lat' dir='ltr'>stropha</span> <span class='ocrx_word' id='word_1_45' title='bbox 1292 723 1344 763; x_wconf 89' lang='lat' dir='ltr'>ab</span> <span class='ocrx_word' id='word_1_46' title='bbox 1371 737 1419 764; x_wconf 91' lang='lat' dir='ltr'>eo</span> <span class='ocrx_word' id='word_1_47' title='bbox 1445 724 1695 765; x_wconf 79' lang='lat' dir='ltr'>restituatur.</span> <span class='ocrx_word' id='word_1_48' title='bbox 1727 722 1858 763; x_wconf 86' lang='lat' dir='ltr'>Miror</span> 
     </span>
     <span class='ocr_line' id='line_1_8' title="bbox 300 786 1856 847; baseline 0.004 -22"><span class='ocrx_word' id='word_1_49' title='bbox 300 792 437 827; x_wconf 80' lang='lat' dir='ltr'>tamen</span> <span class='ocrx_word' id='word_1_50' title='bbox 468 786 580 841; x_wconf 86' lang='lat' dir='ltr'>quod</span> <span class='ocrx_word' id='word_1_51' title='bbox 626 794 764 842; x_wconf 85' lang='lat' dir='ltr'>negat,</span> <span class='ocrx_word' id='word_1_52' title='bbox 806 796 1000 843; x_wconf 87' lang='lat' dir='ltr'>quartum</span> <span class='ocrx_word' id='word_1_53' title='bbox 1045 797 1086 831; x_wconf 88' lang='lat' dir='ltr'>et</span> <span class='ocrx_word' id='word_1_54' title='bbox 1126 790 1317 845; x_wconf 89' lang='lat' dir='ltr'>quintum</span> <span class='ocrx_word' id='word_1_55' title='bbox 1358 791 1553 847; x_wconf 86' lang='lat' dir='ltr'>strophae</span> <span class='ocrx_word' id='word_1_56' title='bbox 1594 806 1760 833; x_wconf 88' lang='lat' dir='ltr'>versum</span> <span class='ocrx_word' id='word_1_57' title='bbox 1803 791 1856 831; x_wconf 85' lang='lat' dir='ltr'>ad</span> 
     </span>
     <span class='ocr_line' id='line_1_9' title="bbox 300 853 1271 916; baseline 0.007 -22"><span class='ocrx_word' id='word_1_58' title='bbox 300 853 584 895; x_wconf 87' lang='lat' dir='ltr'>dochmiacum</span> <span class='ocrx_word' id='word_1_59' title='bbox 616 870 837 897; x_wconf 87' lang='lat' dir='ltr'>numerum</span> <span class='ocrx_word' id='word_1_60' title='bbox 870 857 1110 899; x_wconf 86' lang='lat' dir='ltr'>concinnari</span> <span class='ocrx_word' id='word_1_61' title='bbox 1139 873 1271 916; x_wconf 84' lang='lat' dir='ltr'>posse.</span> 
     </span>
    </p>

    <p class='ocr_par' dir='ltr' id='par_1_4' title="bbox 298 922 1855 1169">
     <span class='ocr_line' id='line_1_10' title="bbox 412 922 1852 979; baseline 0.003 -15"><span class='ocrx_word' id='word_1_62' title='bbox 412 922 559 979; x_wconf 85' lang='lat' dir='ltr'>Suppl.</span> <span class='ocrx_word' id='word_1_63' title='bbox 607 923 704 966; x_wconf 83' lang='grc'><strong>616.</strong></span> <span class='ocrx_word' id='word_1_64' title='bbox 775 923 1033 967; x_wconf 83' lang='lat' dir='ltr'>Schmidtius</span> <span class='ocrx_word' id='word_1_65' title='bbox 1095 941 1187 968; x_wconf 92' lang='lat' dir='ltr'>cum</span> <span class='ocrx_word' id='word_1_66' title='bbox 1230 927 1484 969; x_wconf 88' lang='lat' dir='ltr'>trochaicum</span> <span class='ocrx_word' id='word_1_67' title='bbox 1529 927 1718 969; x_wconf 84' lang='lat' dir='ltr'>ordinem</span> <span class='ocrx_word' id='word_1_68' title='bbox 1765 928 1852 969; x_wconf 84' lang='grc' dir='ltr'><strong><em>τὰν</em></strong></span> 
     </span>
     <span class='ocr_line' id='line_1_11' title="bbox 300 993 1851 1047; baseline 0.003 -16"><span class='ocrx_word' id='word_1_69' title='bbox 300 993 556 1047; x_wconf 78' lang='grc' dir='ltr'><strong><em>Πελασγίαν</em></strong></span> <span class='ocrx_word' id='word_1_70' title='bbox 606 993 739 1035; x_wconf 86' lang='grc' dir='ltr'><strong><em>πόλιν</em></strong></span> <span class='ocrx_word' id='word_1_71' title='bbox 792 994 1026 1047; x_wconf 87' lang='lat' dir='ltr'>constituat,</span> <span class='ocrx_word' id='word_1_72' title='bbox 1079 994 1366 1036; x_wconf 88' lang='lat' dir='ltr'>dochmiacum</span> <span class='ocrx_word' id='word_1_73' title='bbox 1420 1010 1640 1037; x_wconf 88' lang='lat' dir='ltr'>numerum</span> <span class='ocrx_word' id='word_1_74' title='bbox 1694 995 1851 1037; x_wconf 69' lang='lat' dir='ltr'>evertit⁴</span> 
     </span>
     <span class='ocr_line' id='line_1_12' title="bbox 298 1057 1855 1119; baseline 0.004 -21"><span class='ocrx_word' id='word_1_75' title='bbox 298 1057 605 1115; x_wconf 79' lang='lat' dir='ltr'>Amplectenda</span> <span class='ocrx_word' id='word_1_76' title='bbox 651 1065 713 1101; x_wconf 83' lang='lat' dir='ltr'>est</span> <span class='ocrx_word' id='word_1_77' title='bbox 756 1059 990 1103; x_wconf 88' lang='lat' dir='ltr'>Hermanni</span> <span class='ocrx_word' id='word_1_78' title='bbox 1035 1076 1228 1105; x_wconf 87' lang='lat' dir='ltr'>mensura</span> <span class='ocrx_word' id='word_1_79' title='bbox 1274 1078 1358 1119; x_wconf 85' lang='lat' dir='ltr'>qua</span> <span class='ocrx_word' id='word_1_80' title='bbox 1404 1063 1633 1105; x_wconf 86' lang='lat' dir='ltr'>dochmiaci</span> <span class='ocrx_word' id='word_1_81' title='bbox 1690 1062 1855 1105; x_wconf 83' lang='lat' dir='ltr'>ordines</span> 
     </span>
     <span class='ocr_line' id='line_1_13' title="bbox 298 1127 492 1169; baseline 0 -1"><span class='ocrx_word' id='word_1_82' title='bbox 298 1127 492 1169; x_wconf 84' lang='lat' dir='ltr'>existunt.</span> 
     </span>
    </p>

    <p class='ocr_par' dir='ltr' id='par_1_5' title="bbox 298 1184 1850 1321">
     <span class='ocr_line' id='line_1_14' title="bbox 411 1184 1850 1253; baseline 0.002 -17"><span class='ocrx_word' id='word_1_83' title='bbox 411 1195 552 1238; x_wconf 88' lang='lat' dir='ltr'>Prom.</span> <span class='ocrx_word' id='word_1_84' title='bbox 570 1196 666 1240; x_wconf 81' lang='lat'>534.</span> <span class='ocrx_word' id='word_1_85' title='bbox 714 1196 832 1239; x_wconf 88' lang='lat' dir='ltr'>Ordo</span> <span class='ocrx_word' id='word_1_86' title='bbox 850 1184 1064 1250; x_wconf 51' lang='lat' dir='ltr'>{ssozffit</span> <span class='ocrx_word' id='word_1_87' title='bbox 1076 1184 1175 1237; x_wconf 58' lang='grc' dir='ltr'><strong>Ϊι-όιΥ</strong></span> <span class='ocrx_word' id='word_1_88' title='bbox 1188 1184 1360 1251; x_wconf 58' lang='grc' dir='ltr'>ε’ῖιῇέιῖι</span> <span class='ocrx_word' id='word_1_89' title='bbox 1375 1187 1447 1238; x_wconf 64' lang='grc' dir='ltr'>κῖὶ</span> <span class='ocrx_word' id='word_1_90' title='bbox 1466 1186 1625 1252; x_wconf 64' lang='grc' dir='ltr'><strong><em>μ-ήσῖοτ’</em></strong></span> <span class='ocrx_word' id='word_1_91' title='bbox 1638 1185 1850 1253; x_wconf 62' lang='grc' dir='ltr'><em>ἶκῖ-αἷεῖἦῖ</em></span> 
     </span>
     <span class='ocr_line' id='line_1_15' title="bbox 298 1263 1214 1321; baseline -0.001 -15"><span class='ocrx_word' id='word_1_92' title='bbox 298 1264 538 1320; x_wconf 85' lang='lat' dir='ltr'>probandus</span> <span class='ocrx_word' id='word_1_93' title='bbox 570 1271 644 1318; x_wconf 87' lang='lat' dir='ltr'>est,</span> <span class='ocrx_word' id='word_1_94' title='bbox 675 1279 769 1307; x_wconf 87' lang='lat' dir='ltr'>cum</span> <span class='ocrx_word' id='word_1_95' title='bbox 800 1265 989 1306; x_wconf 86' lang='lat' dir='ltr'>firmetur</span> <span class='ocrx_word' id='word_1_96' title='bbox 1018 1263 1214 1321; x_wconf 87' lang='lat' dir='ltr'>exemplo</span> 
     </span>
    </p>

    <p class='ocr_par' dir='ltr' id='par_1_6' title="bbox 299 1400 1852 1511">
     <span class='ocr_line' id='line_1_16' title="bbox 412 1400 1852 1457; baseline 0.001 -16"><span class='ocrx_word' id='word_1_97' title='bbox 412 1400 549 1442; x_wconf 88' lang='lat' dir='ltr'>Prom.</span> <span class='ocrx_word' id='word_1_98' title='bbox 581 1401 676 1444; x_wconf 83' lang='lat'>540.</span> <span class='ocrx_word' id='word_1_99' title='bbox 737 1401 833 1443; x_wconf 89' lang='lat' dir='ltr'>Non</span> <span class='ocrx_word' id='word_1_100' title='bbox 865 1400 1053 1457; x_wconf 82' lang='lat' dir='ltr'>displicet</span> <span class='ocrx_word' id='word_1_101' title='bbox 1084 1400 1305 1443; x_wconf 81' lang='lat' dir='ltr'>Schmidtii</span> <span class='ocrx_word' id='word_1_102' title='bbox 1346 1401 1548 1443; x_wconf 89' lang='lat' dir='ltr'>sententia</span> <span class='ocrx_word' id='word_1_103' title='bbox 1590 1416 1672 1456; x_wconf 86' lang='lat' dir='ltr'>qua</span> <span class='ocrx_word' id='word_1_104' title='bbox 1711 1401 1852 1456; x_wconf 88' lang='lat' dir='ltr'>legen-</span> 
     </span>
     <span class='ocr_line' id='line_1_17' title="bbox 299 1469 492 1511; baseline 0.01 -2"><span class='ocrx_word' id='word_1_105' title='bbox 299 1469 397 1510; x_wconf 84' lang='lat' dir='ltr'>dum</span> <span class='ocrx_word' id='word_1_106' title='bbox 431 1477 492 1511; x_wconf 90' lang='lat' dir='ltr'>est</span> 
     </span>
    </p>

    <p class='ocr_par' dir='ltr' id='par_1_7' title="bbox 298 1535 1854 1865">
     <span class='ocr_line' id='line_1_18' title="bbox 412 1535 1853 1594; baseline -0.002 -15"><span class='ocrx_word' id='word_1_107' title='bbox 412 1537 577 1594; x_wconf 78' lang='grc' dir='ltr'><strong><em>μυρίοις</em></strong></span> <span class='ocrx_word' id='word_1_108' title='bbox 619 1539 768 1588; x_wconf 85' lang='grc' dir='ltr'><strong><em>πόνοις</em></strong></span> <span class='ocrx_word' id='word_1_109' title='bbox 812 1536 1139 1593; x_wconf 63' lang='grc' dir='ltr'><strong><em>διακναιόμενον</em></strong></span> <span class='ocrx_word' id='word_1_110' title='bbox 1186 1540 1312 1578; x_wconf 60' lang='grc' dir='ltr'><strong><em>,θεῖον</em></strong></span> <span class='ocrx_word' id='word_1_111' title='bbox 1355 1538 1504 1592; x_wconf 69' lang='grc' dir='ltr'><strong><em>δέμαςς</em></strong></span> <span class='ocrx_word' id='word_1_112' title='bbox 1550 1536 1704 1592; x_wconf 88' lang='lat' dir='ltr'>optime</span> <span class='ocrx_word' id='word_1_113' title='bbox 1744 1535 1853 1577; x_wconf 88' lang='lat' dir='ltr'>enim</span> 
     </span>
     <span class='ocr_line' id='line_1_19' title="bbox 298 1603 1854 1661; baseline -0.001 -15"><span class='ocrx_word' id='word_1_114' title='bbox 298 1620 443 1648; x_wconf 86' lang='lat' dir='ltr'>versus</span> <span class='ocrx_word' id='word_1_115' title='bbox 475 1606 554 1648; x_wconf 86' lang='lat' dir='ltr'>hoc</span> <span class='ocrx_word' id='word_1_116' title='bbox 594 1605 718 1647; x_wconf 90' lang='lat' dir='ltr'>modo</span> <span class='ocrx_word' id='word_1_117' title='bbox 760 1604 1004 1646; x_wconf 86' lang='lat' dir='ltr'>constitutus</span> <span class='ocrx_word' id='word_1_118' title='bbox 1045 1604 1255 1661; x_wconf 84' lang='lat' dir='ltr'>strophico</span> <span class='ocrx_word' id='word_1_119' title='bbox 1293 1603 1525 1660; x_wconf 81' lang='lat' dir='ltr'>respondet.</span> <span class='ocrx_word' id='word_1_120' title='bbox 1587 1603 1854 1645; x_wconf 84' lang='lat' dir='ltr'>Hermannus</span> 
     </span>
     <span class='ocr_line' id='line_1_20' title="bbox 298 1671 1852 1729; baseline -0.002 -13"><span class='ocrx_word' id='word_1_121' title='bbox 298 1689 392 1716; x_wconf 85' lang='lat' dir='ltr'>cum</span> <span class='ocrx_word' id='word_1_122' title='bbox 422 1673 621 1717; x_wconf 84' lang='lat' dir='ltr'>scriberet</span> <span class='ocrx_word' id='word_1_123' title='bbox 651 1673 848 1729; x_wconf 61' lang='grc' dir='ltr'>μόχθοις,</span> <span class='ocrx_word' id='word_1_124' title='bbox 880 1673 1099 1715; x_wconf 89' lang='lat' dir='ltr'>lectionem</span> <span class='ocrx_word' id='word_1_125' title='bbox 1131 1672 1306 1729; x_wconf 86' lang='lat' dir='ltr'>protulit</span> <span class='ocrx_word' id='word_1_126' title='bbox 1335 1686 1419 1714; x_wconf 88' lang='lat' dir='ltr'>non</span> <span class='ocrx_word' id='word_1_127' title='bbox 1449 1671 1711 1725; x_wconf 80' lang='lat' dir='ltr'>reiciendam,</span> <span class='ocrx_word' id='word_1_128' title='bbox 1741 1671 1852 1728; x_wconf 86' lang='lat' dir='ltr'>quod</span> 
     </span>
     <span class='ocr_line' id='line_1_21' title="bbox 298 1740 1853 1799; baseline -0.002 -14"><span class='ocrx_word' id='word_1_129' title='bbox 298 1750 530 1785; x_wconf 83' lang='lat' dir='ltr'>extremam</span> <span class='ocrx_word' id='word_1_130' title='bbox 571 1742 776 1799; x_wconf 84' lang='lat' dir='ltr'>syllabam</span> <span class='ocrx_word' id='word_1_131' title='bbox 818 1741 861 1783; x_wconf 88' lang='lat' dir='ltr'>in</span> <span class='ocrx_word' id='word_1_132' title='bbox 902 1741 1069 1798; x_wconf 89' lang='lat' dir='ltr'>dipodia</span> <span class='ocrx_word' id='word_1_133' title='bbox 1108 1741 1319 1783; x_wconf 85' lang='lat' dir='ltr'>trochaica</span> <span class='ocrx_word' id='word_1_134' title='bbox 1359 1740 1580 1797; x_wconf 81' lang='lat' dir='ltr'>ancipitem</span> <span class='ocrx_word' id='word_1_135' title='bbox 1625 1755 1712 1783; x_wconf 87' lang='lat' dir='ltr'>esse</span> <span class='ocrx_word' id='word_1_136' title='bbox 1755 1741 1853 1783; x_wconf 86' lang='lat' dir='ltr'>satis</span> 
     </span>
     <span class='ocr_line' id='line_1_22' title="bbox 298 1808 1849 1865; baseline -0.001 -12"><span class='ocrx_word' id='word_1_137' title='bbox 298 1819 441 1853; x_wconf 88' lang='lat' dir='ltr'>notum</span> <span class='ocrx_word' id='word_1_138' title='bbox 462 1817 537 1854; x_wconf 86' lang='lat' dir='ltr'>est.</span> <span class='ocrx_word' id='word_1_139' title='bbox 580 1809 749 1853; x_wconf 82' lang='lat' dir='ltr'>Servari</span> <span class='ocrx_word' id='word_1_140' title='bbox 774 1817 912 1852; x_wconf 89' lang='lat' dir='ltr'>tamen</span> <span class='ocrx_word' id='word_1_141' title='bbox 933 1810 1038 1851; x_wconf 88' lang='lat' dir='ltr'>solet</span> <span class='ocrx_word' id='word_1_142' title='bbox 1058 1809 1365 1850; x_wconf 85' lang='lat' dir='ltr'>accuratissima</span> <span class='ocrx_word' id='word_1_143' title='bbox 1384 1816 1609 1851; x_wconf 83' lang='lat' dir='ltr'>metrorum</span> <span class='ocrx_word' id='word_1_144' title='bbox 1625 1808 1849 1865; x_wconf 88' lang='lat' dir='ltr'>responsio.</span> 
     </span>
    </p>

    <p class='ocr_par' dir='ltr' id='par_1_8' title="bbox 296 1877 1852 2072">
     <span class='ocr_line' id='line_1_23' title="bbox 410 1877 1852 1933; baseline -0.001 -13"><span class='ocrx_word' id='word_1_145' title='bbox 410 1879 548 1922; x_wconf 90' lang='lat' dir='ltr'>Prom.</span> <span class='ocrx_word' id='word_1_146' title='bbox 581 1879 675 1922; x_wconf 84' lang='lat'>548.</span> <span class='ocrx_word' id='word_1_147' title='bbox 711 1878 987 1920; x_wconf 82' lang='lat' dir='ltr'>Laudandum</span> <span class='ocrx_word' id='word_1_148' title='bbox 1018 1885 1079 1920; x_wconf 88' lang='lat' dir='ltr'>est</span> <span class='ocrx_word' id='word_1_149' title='bbox 1094 1877 1314 1920; x_wconf 87' lang='lat' dir='ltr'>Schmidtii</span> <span class='ocrx_word' id='word_1_150' title='bbox 1332 1893 1524 1919; x_wconf 87' lang='lat' dir='ltr'>versuum</span> <span class='ocrx_word' id='word_1_151' title='bbox 1547 1877 1599 1918; x_wconf 87' lang='lat' dir='ltr'>ad</span> <span class='ocrx_word' id='word_1_152' title='bbox 1624 1878 1852 1933; x_wconf 82' lang='lat' dir='ltr'>anapaesti-</span> 
     </span>
     <span class='ocr_line' id='line_1_24' title="bbox 296 1945 1849 1999; baseline -0.001 -11"><span class='ocrx_word' id='word_1_153' title='bbox 296 1962 439 1989; x_wconf 89' lang='lat' dir='ltr'>corum</span> <span class='ocrx_word' id='word_1_154' title='bbox 470 1961 690 1989; x_wconf 89' lang='lat' dir='ltr'>numerum</span> <span class='ocrx_word' id='word_1_155' title='bbox 721 1945 1103 1989; x_wconf 85' lang='lat' dir='ltr'>concinnandorum</span> <span class='ocrx_word' id='word_1_156' title='bbox 1134 1945 1338 1999; x_wconf 83' lang='lat' dir='ltr'>studium3</span> <span class='ocrx_word' id='word_1_157' title='bbox 1387 1945 1530 1987; x_wconf 88' lang='lat' dir='ltr'>dubito</span> <span class='ocrx_word' id='word_1_158' title='bbox 1571 1952 1709 1988; x_wconf 80' lang='lat' dir='ltr'>tamen</span> <span class='ocrx_word' id='word_1_159' title='bbox 1750 1960 1849 1987; x_wconf 89' lang='lat' dir='ltr'>num</span> 
     </span>
     <span class='ocr_line' id='line_1_25' title="bbox 296 2014 1088 2072; baseline -0.005 -16"><span class='ocrx_word' id='word_1_160' title='bbox 296 2015 532 2072; x_wconf 83' lang='lat' dir='ltr'>hexapodia</span> <span class='ocrx_word' id='word_1_161' title='bbox 560 2015 821 2070; x_wconf 84' lang='lat' dir='ltr'>anapaestica.</span> <span class='ocrx_word' id='word_1_162' title='bbox 851 2014 1088 2055; x_wconf 82' lang='lat' dir='ltr'>catalectica</span> 
     </span>
    </p>

    <p class='ocr_par' dir='ltr' id='par_1_9' title="bbox 295 2083 1705 2208">
     <span class='ocr_line' id='line_1_26' title="bbox 409 2083 1528 2140; baseline -0.001 -14"><span class='ocrx_word' id='word_1_163' title='bbox 409 2084 550 2126; x_wconf 86' lang='grc' dir='ltr'>ἀλαὸν</span> <span class='ocrx_word' id='word_1_164' title='bbox 581 2085 699 2140; x_wconf 80' lang='grc' dir='ltr'><strong><em>γένος</em></strong></span> <span class='ocrx_word' id='word_1_165' title='bbox 728 2084 1108 2139; x_wconf 77' lang='grc' dir='ltr'><strong><em>ἐμπεποδισμένον·</em></strong></span> <span class='ocrx_word' id='word_1_166' title='bbox 1138 2085 1298 2124; x_wconf 74' lang='grc' dir='ltr'><strong><em>οὔποτε</em></strong></span> <span class='ocrx_word' id='word_1_167' title='bbox 1329 2083 1412 2138; x_wconf 78' lang='grc' dir='ltr'>γὰρ</span> <span class='ocrx_word' id='word_1_168' title='bbox 1441 2083 1528 2125; x_wconf 86' lang='grc' dir='ltr'><strong><em>τὰν</em></strong></span> 
     </span>
     <span class='ocr_line' id='line_1_27' title="bbox 295 2151 1705 2208; baseline 0 -15"><span class='ocrx_word' id='word_1_169' title='bbox 295 2152 468 2195; x_wconf 88' lang='lat' dir='ltr'>ferenda</span> <span class='ocrx_word' id='word_1_170' title='bbox 499 2152 563 2204; x_wconf 87' lang='lat' dir='ltr'>sit,</span> <span class='ocrx_word' id='word_1_171' title='bbox 597 2166 691 2193; x_wconf 91' lang='lat' dir='ltr'>cum</span> <span class='ocrx_word' id='word_1_172' title='bbox 721 2151 922 2193; x_wconf 86' lang='lat' dir='ltr'>eiusmodi</span> <span class='ocrx_word' id='word_1_173' title='bbox 952 2151 1192 2207; x_wconf 84' lang='lat' dir='ltr'>exemplum</span> <span class='ocrx_word' id='word_1_174' title='bbox 1223 2166 1436 2207; x_wconf 86' lang='lat' dir='ltr'>nunquam</span> <span class='ocrx_word' id='word_1_175' title='bbox 1466 2151 1705 2208; x_wconf 84' lang='lat' dir='ltr'>repererim.</span> 
     </span>
    </p>

    <p class='ocr_par' dir='ltr' id='par_1_10' title="bbox 295 2227 1849 2408">
     <span class='ocr_line' id='line_1_28' title="bbox 408 2227 1849 2285; baseline -0.002 -16"><span class='ocrx_word' id='word_1_176' title='bbox 408 2230 563 2285; x_wconf 85' lang='lat' dir='ltr'>Agam.</span> <span class='ocrx_word' id='word_1_177' title='bbox 595 2228 690 2270; x_wconf 83' lang='lat'><strong>689.</strong></span> <span class='ocrx_word' id='word_1_178' title='bbox 732 2227 987 2269; x_wconf 83' lang='lat' dir='ltr'>Laudandus</span> <span class='ocrx_word' id='word_1_179' title='bbox 1021 2235 1082 2269; x_wconf 86' lang='lat' dir='ltr'>est</span> <span class='ocrx_word' id='word_1_180' title='bbox 1098 2227 1351 2270; x_wconf 85' lang='lat' dir='ltr'>Schmidtius</span> <span class='ocrx_word' id='word_1_181' title='bbox 1381 2228 1494 2284; x_wconf 91' lang='lat' dir='ltr'>quod</span> <span class='ocrx_word' id='word_1_182' title='bbox 1523 2242 1686 2270; x_wconf 86' lang='lat' dir='ltr'>versum</span> <span class='ocrx_word' id='word_1_183' title='bbox 1718 2229 1849 2267; x_wconf 88' lang='grc' dir='ltr'><strong><em>πολυ-</em></strong></span> 
     </span>
     <span class='ocr_line' id='line_1_29' title="bbox 295 2296 1846 2353; baseline -0.003 -14"><span class='ocrx_word' id='word_1_184' title='bbox 295 2300 455 2353; x_wconf 74' lang='grc' dir='ltr'><strong><em>άνδρου</em></strong></span> <span class='ocrx_word' id='word_1_185' title='bbox 486 2298 531 2339; x_wconf 80' lang='grc' dir='ltr'>δὲ</span> <span class='ocrx_word' id='word_1_186' title='bbox 562 2298 826 2353; x_wconf 74' lang='grc' dir='ltr'><em>φεράσπιδες</em></span> <span class='ocrx_word' id='word_1_187' title='bbox 857 2296 1078 2348; x_wconf 85' lang='lat' dir='ltr'>constituit,</span> <span class='ocrx_word' id='word_1_188' title='bbox 1107 2311 1190 2338; x_wconf 90' lang='lat' dir='ltr'>non</span> <span class='ocrx_word' id='word_1_189' title='bbox 1220 2296 1368 2339; x_wconf 81' lang='lat' dir='ltr'>adiecit</span> <span class='ocrx_word' id='word_1_190' title='bbox 1387 2297 1636 2339; x_wconf 83' lang='lat' dir='ltr'>vocabulum</span> <span class='ocrx_word' id='word_1_191' title='bbox 1656 2297 1846 2350; x_wconf 82' lang='grc' dir='ltr'><strong><em>κυναγοί.</em></strong></span> 
     </span>
     <span class='ocr_line' id='line_1_30' title="bbox 295 2364 1162 2408; baseline 0 -1"><span class='ocrx_word' id='word_1_192' title='bbox 295 2365 449 2407; x_wconf 78' lang='lat' dir='ltr'>Existit</span> <span class='ocrx_word' id='word_1_193' title='bbox 479 2364 589 2407; x_wconf 90' lang='lat' dir='ltr'>enim</span> <span class='ocrx_word' id='word_1_194' title='bbox 620 2364 722 2406; x_wconf 90' lang='lat' dir='ltr'>ordo</span> <span class='ocrx_word' id='word_1_195' title='bbox 753 2364 910 2405; x_wconf 80' lang='lat' dir='ltr'>ionicus</span> <span class='ocrx_word' id='word_1_196' title='bbox 941 2379 964 2404; x_wconf 87' lang='lat' dir='ltr'>a</span> <span class='ocrx_word' id='word_1_197' title='bbox 994 2364 1162 2408; x_wconf 85' lang='lat' dir='ltr'>minore.</span> 
     </span>
    </p>

    <p class='ocr_par' dir='ltr' id='par_1_11' title="bbox 294 2427 1849 2627">
     <span class='ocr_line' id='line_1_31' title="bbox 407 2427 1849 2489; baseline -0.002 -15"><span class='ocrx_word' id='word_1_198' title='bbox 407 2450 444 2474; x_wconf 88' lang='lat' dir='ltr'>v.</span> <span class='ocrx_word' id='word_1_199' title='bbox 481 2433 603 2477; x_wconf 80' lang='lat'>1570.</span> <span class='ocrx_word' id='word_1_200' title='bbox 645 2432 774 2475; x_wconf 82' lang='lat' dir='ltr'>Recte</span> <span class='ocrx_word' id='word_1_201' title='bbox 799 2432 1054 2476; x_wconf 85' lang='lat' dir='ltr'>Schmidtius</span> <span class='ocrx_word' id='word_1_202' title='bbox 1079 2447 1244 2475; x_wconf 86' lang='lat' dir='ltr'>versum</span> <span class='ocrx_word' id='word_1_203' title='bbox 1265 2427 1415 2488; x_wconf 78' lang='grc' dir='ltr'><strong><em>ὑμνεῖν</em></strong></span> <span class='ocrx_word' id='word_1_204' title='bbox 1443 2435 1576 2489; x_wconf 80' lang='grc' dir='ltr'><strong><em>ὕμνον</em></strong></span> <span class='ocrx_word' id='word_1_205' title='bbox 1601 2434 1849 2488; x_wconf 85' lang='grc' dir='ltr'><strong>ἐπεύχεται</strong></span> 
     </span>
     <span class='ocr_line' id='line_1_32' title="bbox 294 2499 1848 2559; baseline -0.002 -17"><span class='ocrx_word' id='word_1_206' title='bbox 294 2502 549 2559; x_wconf 85' lang='lat' dir='ltr'>glyconeum</span> <span class='ocrx_word' id='word_1_207' title='bbox 578 2502 753 2558; x_wconf 84' lang='lat' dir='ltr'>profert3</span> <span class='ocrx_word' id='word_1_208' title='bbox 799 2501 900 2557; x_wconf 89' lang='lat' dir='ltr'>quid</span> <span class='ocrx_word' id='word_1_209' title='bbox 941 2501 1051 2543; x_wconf 87' lang='lat' dir='ltr'>enim</span> <span class='ocrx_word' id='word_1_210' title='bbox 1091 2502 1166 2543; x_wconf 87' lang='lat' dir='ltr'>sibi</span> <span class='ocrx_word' id='word_1_211' title='bbox 1206 2502 1337 2544; x_wconf 88' lang='lat' dir='ltr'>velint</span> <span class='ocrx_word' id='word_1_212' title='bbox 1366 2500 1634 2543; x_wconf 88' lang='lat' dir='ltr'>Hermannus</span> <span class='ocrx_word' id='word_1_213' title='bbox 1674 2507 1715 2542; x_wconf 86' lang='lat' dir='ltr'>et</span> <span class='ocrx_word' id='word_1_214' title='bbox 1747 2499 1848 2540; x_wconf 91' lang='lat' dir='ltr'>Din-</span> 
     </span>
     <span class='ocr_line' id='line_1_33' title="bbox 295 2570 1844 2627; baseline -0.002 -16"><span class='ocrx_word' id='word_1_215' title='bbox 295 2571 463 2624; x_wconf 88' lang='lat' dir='ltr'>dorfius,</span> <span class='ocrx_word' id='word_1_216' title='bbox 490 2585 584 2612; x_wconf 89' lang='lat' dir='ltr'>cum</span> <span class='ocrx_word' id='word_1_217' title='bbox 599 2585 766 2612; x_wconf 88' lang='lat' dir='ltr'>versum</span> <span class='ocrx_word' id='word_1_218' title='bbox 786 2570 925 2626; x_wconf 79' lang='grc' dir='ltr'><strong><em>ὕμνον</em></strong></span> <span class='ocrx_word' id='word_1_219' title='bbox 939 2574 1090 2626; x_wconf 79' lang='grc' dir='ltr'><strong><em>ὑμνεῖν</em></strong></span> <span class='ocrx_word' id='word_1_220' title='bbox 1112 2573 1343 2627; x_wconf 82' lang='grc' dir='ltr'><strong>ἐπεύχεται</strong></span> <span class='ocrx_word' id='word_1_221' title='bbox 1359 2570 1532 2626; x_wconf 85' lang='lat' dir='ltr'>fingant,</span> <span class='ocrx_word' id='word_1_222' title='bbox 1563 2584 1644 2611; x_wconf 91' lang='lat' dir='ltr'>non</span> <span class='ocrx_word' id='word_1_223' title='bbox 1663 2575 1844 2625; x_wconf 78' lang='lat' dir='ltr'>apparet.</span> 
     </span>
    </p>

    <p class='ocr_par' dir='ltr' id='par_1_12' title="bbox 294 2638 1846 2834">
     <span class='ocr_line' id='line_1_34' title="bbox 410 2638 1846 2695; baseline -0.003 -13"><span class='ocrx_word' id='word_1_224' title='bbox 410 2640 548 2682; x_wconf 87' lang='lat' dir='ltr'>Probo</span> <span class='ocrx_word' id='word_1_225' title='bbox 591 2639 633 2681; x_wconf 92' lang='lat' dir='ltr'>in</span> <span class='ocrx_word' id='word_1_226' title='bbox 675 2639 798 2681; x_wconf 88' lang='lat' dir='ltr'>Eum.</span> <span class='ocrx_word' id='word_1_227' title='bbox 860 2638 940 2681; x_wconf 77' lang='lat'>321</span> <span class='ocrx_word' id='word_1_228' title='bbox 983 2638 1202 2682; x_wconf 84' lang='lat' dir='ltr'>Schmidtii</span> <span class='ocrx_word' id='word_1_229' title='bbox 1244 2639 1491 2682; x_wconf 87' lang='lat' dir='ltr'>sententiam</span> <span class='ocrx_word' id='word_1_230' title='bbox 1532 2638 1846 2695; x_wconf 84' lang='lat' dir='ltr'>pherecrateum</span> 
     </span>
     <span class='ocr_line' id='line_1_35' title="bbox 296 2705 1846 2766; baseline -0.004 -15"><span class='ocrx_word' id='word_1_231' title='bbox 296 2717 434 2766; x_wconf 84' lang='grc' dir='ltr'><strong><em>μᾶτερ</em></strong></span> <span class='ocrx_word' id='word_1_232' title='bbox 465 2709 569 2758; x_wconf 80' lang='grc' dir='ltr'>Νύξ,</span> <span class='ocrx_word' id='word_1_233' title='bbox 614 2710 797 2755; x_wconf 77' lang='grc' dir='ltr'>ἀλαοῖσι</span> <span class='ocrx_word' id='word_1_234' title='bbox 828 2722 923 2749; x_wconf 81' lang='lat' dir='ltr'>culn</span> <span class='ocrx_word' id='word_1_235' title='bbox 955 2706 1099 2750; x_wconf 86' lang='lat' dir='ltr'>ordine</span> <span class='ocrx_word' id='word_1_236' title='bbox 1131 2708 1339 2750; x_wconf 85' lang='lat' dir='ltr'>trochaico</span> <span class='ocrx_word' id='word_1_237' title='bbox 1371 2706 1640 2749; x_wconf 86' lang='lat' dir='ltr'>antecedente</span> <span class='ocrx_word' id='word_1_238' title='bbox 1679 2705 1846 2746; x_wconf 87' lang='lat' dir='ltr'>coniun-</span> 
     </span>
     <span class='ocr_line' id='line_1_36' title="bbox 294 2775 1778 2834; baseline -0.003 -15"><span class='ocrx_word' id='word_1_239' title='bbox 294 2778 442 2834; x_wconf 78' lang='lat' dir='ltr'>gentiS,</span> <span class='ocrx_word' id='word_1_240' title='bbox 473 2793 565 2819; x_wconf 91' lang='lat' dir='ltr'>cum</span> <span class='ocrx_word' id='word_1_241' title='bbox 596 2779 873 2833; x_wconf 88' lang='lat' dir='ltr'>subsequatur</span> <span class='ocrx_word' id='word_1_242' title='bbox 902 2777 1194 2833; x_wconf 83' lang='lat' dir='ltr'>pherecrateus</span> <span class='ocrx_word' id='word_1_243' title='bbox 1224 2778 1298 2818; x_wconf 81' lang='grc' dir='ltr'>καὶ</span> <span class='ocrx_word' id='word_1_244' title='bbox 1329 2776 1578 2833; x_wconf 79' lang='grc' dir='ltr'><strong><em>δεδορκόσιν</em></strong></span> <span class='ocrx_word' id='word_1_245' title='bbox 1609 2775 1778 2816; x_wconf 84' lang='grc' dir='ltr'><strong><em>ποινάν.</em></strong></span> 
     </span>
    </p>

    <p class='ocr_par' dir='ltr' id='par_1_13' title="bbox 295 2842 1845 2972">
     <span class='ocr_line' id='line_1_37' title="bbox 408 2842 1844 2903; baseline -0.003 -14"><span class='ocrx_word' id='word_1_246' title='bbox 408 2846 554 2903; x_wconf 84' lang='lat' dir='ltr'>Suppl.</span> <span class='ocrx_word' id='word_1_247' title='bbox 588 2846 683 2888; x_wconf 83' lang='grc'><strong>346.</strong></span> <span class='ocrx_word' id='word_1_248' title='bbox 746 2845 842 2887; x_wconf 91' lang='lat' dir='ltr'>Non</span> <span class='ocrx_word' id='word_1_249' title='bbox 883 2844 1085 2887; x_wconf 86' lang='lat' dir='ltr'>assentior</span> <span class='ocrx_word' id='word_1_250' title='bbox 1123 2844 1353 2888; x_wconf 82' lang='lat' dir='ltr'>Schmidtio</span> <span class='ocrx_word' id='word_1_251' title='bbox 1394 2844 1582 2887; x_wconf 88' lang='lat' dir='ltr'>ordinem</span> <span class='ocrx_word' id='word_1_252' title='bbox 1625 2842 1844 2885; x_wconf 85' lang='lat' dir='ltr'>iambicum</span> 
     </span>
     <span class='ocr_line' id='line_1_38' title="bbox 295 2912 1845 2972; baseline -0.002 -15"><span class='ocrx_word' id='word_1_253' title='bbox 295 2917 596 2972; x_wconf 62' lang='grc' dir='ltr'><strong><em>παλαίχὲονος</em></strong></span> <span class='ocrx_word' id='word_1_254' title='bbox 627 2930 651 2956; x_wconf 85' lang='lat' dir='ltr'>a</span> <span class='ocrx_word' id='word_1_255' title='bbox 681 2914 932 2957; x_wconf 83' lang='lat' dir='ltr'>dochmiaeis</span> <span class='ocrx_word' id='word_1_256' title='bbox 962 2914 1306 2970; x_wconf 84' lang='lat' dir='ltr'>subsequentibus</span> <span class='ocrx_word' id='word_1_257' title='bbox 1325 2913 1571 2971; x_wconf 88' lang='lat' dir='ltr'>seiungenti,</span> <span class='ocrx_word' id='word_1_258' title='bbox 1602 2928 1695 2954; x_wconf 88' lang='lat' dir='ltr'>cum</span> <span class='ocrx_word' id='word_1_259' title='bbox 1721 2912 1845 2954; x_wconf 90' lang='lat' dir='ltr'>doch-</span> 
     </span>
    </p>
   </div>
  </div>
 </body>
</html>
