2086 3358
874 253 1156 295 -23-

237 381 341 423 sitan
372 380 636 424 scribendum
668 381 746 423 erit
774 382 998 437 πατρώϊον
1028 396 1103 438 pro
1125 381 1355 438 πατρῴων,
1387 389 1431 423 ut
1454 381 1603 423 existat
1625 381 1790 439 dipodia

237 449 422 491 iambica.
464 449 543 492 Cui
573 449 800 491 sententiae
831 449 943 490 favet
964 449 1084 491 etiam
1110 449 1215 490 illud
1242 448 1353 505 quod
1378 451 1595 505 μεταβολὴ
1625 453 1791 505 ῥυθμοῦ

238 533 345 574 quae
374 517 524 559 dicitur
552 533 605 559 ex
633 517 810 559 iambico
840 532 1014 559 numero
1043 518 1085 559 in
1119 518 1372 559 trochaicum
1403 518 1512 559 haud
1552 518 1644 560 sine
1684 518 1790 559 diffi-

238 586 305 628 cili
334 586 501 641 negotio
531 592 666 642 potest
695 585 876 641 agnosci.
927 586 1071 641 Atque
1101 578 1204 628 haec
1234 586 1404 641 quidem
1431 587 1604 628 mutatio
1630 586 1791 628 numeri

238 654 385 697 melius
415 654 656 709 agnoscitur
684 653 851 710 dipodia
882 653 1058 695 iambica
1087 654 1225 711 priore
1256 654 1346 696 loco
1370 661 1522 696 statuta.
1542 669 1667 711 quam
1688 655 1791 696 thesi

237 737 456 779 suppressa
486 721 657 763 bacchio
686 721 822 765 allato.
881 721 1084 764 Extremo
1114 723 1204 763 loco
1235 723 1598 764 commemoranda
1627 723 1793 764 videtur

239 804 328 832 esse
356 789 559 846 scriptura
588 789 786 846 κρυφίοις
814 804 890 847 pro
906 791 1146 846 κρυφαίοις,
1177 804 1302 846 quam
1323 789 1517 846 equidem
1537 790 1789 832 reiciendam

239 873 327 901 csse
363 873 519 901 censeo.
592 858 864 915 Inter-rumpit
903 858 1013 900 enim
1052 873 1271 901 numerum
1315 858 1538 900 iambicum
1581 859 1658 901 hoc
1699 859 1789 900 loco

237 941 331 969 mea
356 926 521 984 quidem
554 926 756 969 sententia
785 926 1076 967 necessarium.
1126 925 1259 968 Plane
1288 927 1450 968 nullum
1483 934 1625 969 contra
1653 927 1791 969 existit

239 1002 429 1049 metrum,
459 995 491 1036 si
521 994 739 1037 Schmidtii
770 994 890 1036 lectio
921 996 1118 1050 κρυφίοις
1149 996 1351 1051 probatur

351 1098 613 1111 vvvvv
633 1064 1061 1115 Ι-ψ-υ-ν-,
1111 1078 1194 1105 non
1239 1063 1349 1105 enim
1395 1063 1604 1104 anacrusis
1654 1063 1788 1105 ordini

237 1131 480 1188 logaoedico
509 1131 798 1188 praemittitur.

805 1199 951 1256 Suppl.
987 1201 1109 1241 776
1129 1199 1224 1241 807.

353 1252 587 1322 Engerus
575 1282 616 1307 1n
637 1267 859 1322 Philologo
879 1267 968 1308 ΧΠ
995 1283 1035 1323 p.
1061 1268 1143 1309 373
1171 1267 1393 1320 contendit,
1420 1275 1532 1309 recte
1558 1268 1783 1323 legendum

239 1348 327 1377 esse
357 1334 472 1378 Pers
518 1334 602 1377 564
652 1336 827 1379 Ἰαόνων
867 1337 994 1392 χέρες,
1035 1350 1118 1377 non
1159 1336 1232 1376 διὰ
1270 1337 1314 1376 δὲ
1352 1342 1421 1376 aut
1457 1337 1530 1376 διά
1571 1353 1632 1391 γε,
1676 1335 1785 1392 quod

239 1402 401 1459 scripsit
440 1402 719 1444 Hermannus.
761 1405 824 1452 ἠδ’
855 1420 885 1443 οι
915 1403 1136 1444 Dindorfio
1176 1403 1218 1443 in
1258 1404 1417 1443 textum
1459 1407 1671 1459 receptum
1714 1411 1787 1444 cst.

240 1470 396 1512 Causas
428 1471 549 1513 affert
581 1470 785 1526 Engerus,
816 1470 966 1526 quibus
998 1471 1232 1512 coniectura
1262 1472 1472 1526 probetur,
1514 1471 1603 1511 has.
1664 1471 1787 1523 Dicit,

238 1538 430 1595 ,quamvis
472 1539 514 1580 in
553 1539 695 1581 metris
735 1538 1039 1595 antistrophicis
1078 1538 1265 1595 syllabae
1304 1539 1455 1595 longae
1495 1538 1536 1580 in
1586 1539 1787 1595 rhythmo

239 1608 446 1649 trochaico
477 1607 583 1650 duae
611 1608 772 1661 breves,
800 1607 986 1665 inprimis
1019 1608 1060 1649 in
1092 1610 1165 1649 διὰ
1188 1608 1390 1649 vocabulo
1419 1607 1671 1665 respondere
1697 1623 1787 1664 pos—

238 1676 331 1729 sint,
373 1676 452 1718 hoc
484 1676 606 1718 etiam
638 1676 728 1718 loco
758 1681 920 1733 poe‘tam
955 1676 1043 1718 sine
1083 1676 1208 1718 dubio
1249 1683 1464 1718 accuratae
1506 1675 1785 1733 responsionis

236 1745 351 1801 leges
382 1744 607 1786 servandas
638 1759 726 1787 esse
758 1744 946 1786 voluisse
1008 1744 1101 1786 Non
1134 1753 1271 1787 tamen
1303 1745 1436 1786 solum
1469 1745 1545 1785 hae
1576 1744 1629 1787 de
1667 1759 1788 1786 causa

238 1814 312 1854 διὰ
341 1815 380 1855 δ’
410 1813 664 1854 reiciendum
696 1827 796 1865 esse,
836 1813 908 1854 sed
941 1813 1062 1854 etiam
1094 1828 1216 1855 sensu
1257 1821 1530 1869 repugnante
1592 1812 1640 1853 Id
1675 1813 1787 1868 quod

235 1882 318 1923 iam
347 1880 636 1923 Hermannum
670 1881 774 1923 bene
802 1881 968 1923 scivisse
997 1881 1174 1938 ideoque
1210 1881 1430 1923 coniecisse
1460 1883 1534 1922 διά
1574 1899 1601 1938 γ
1650 1881 1791 1923 tradit.

236 1951 371 1992 Addit
402 1957 554 2001 tamen,
585 1950 691 1990 hanc
721 1950 998 1991 coniecturam
1028 1951 1106 1990 sibi
1130 1965 1211 1991 non
1235 1950 1437 2002 sufficere,
1471 1965 1563 1990 cum
1583 1952 1787 1991 sententia

235 2018 324 2075 ipsa
361 2017 563 2075 particula
607 2017 836 2059 restrictiva
878 2035 924 2073 γε
962 2017 1187 2061 minuatur.
1248 2017 1504 2074 Magnopcre
1542 2017 1649 2059 enim
1700 2032 1787 2059 csse

237 2085 535 2128 enuntiandum
570 2086 736 2142 plagam
769 2086 1058 2141 gravissimam
1081 2086 1254 2127 Persicis
1283 2086 1481 2126 inflictam
1499 2100 1586 2127 esse
1603 2086 1792 2126 navibus.

238 2154 333 2195 Non
372 2161 511 2195 tamen
550 2154 751 2195 assentior
780 2153 950 2209 Engero
993 2154 1103 2209 quod
1145 2143 1364 2195 lectionem
1404 2153 1555 2194 codicis
1586 2153 1788 2195 Medicaei

237 2221 408 2278 βαρίδες
439 2238 490 2264 τε
522 2223 704 2264 πόντιαι
735 2222 885 2264 retinet
914 2222 1066 2264 reiecta
1088 2224 1314 2279 βαρίδεσσι
1336 2222 1553 2268 ποντίαις.
1598 2220 1790 2264 Offendit

238 2291 346 2332 enim
378 2291 627 2332 constructio
654 2291 687 2332 si
721 2291 873 2347 legitur
901 2291 1072 2347 βαρίδες
1102 2308 1154 2333 τε
1191 2292 1385 2337 πόντιαι,
1427 2305 1518 2331 cum
1562 2305 1645 2332 non
1684 2291 1789 2332 benc

238 2365 436 2416 appareat
465 2359 675 2415 copiarum
708 2360 1044 2401 commemoratio
1076 2358 1214 2400 dativo
1247 2358 1496 2400 exhibenda.
1557 2358 1788 2399 Nominati-

238 2442 314 2469 vus
343 2427 375 2468 si
408 2427 640 2469 admittitur
670 2428 840 2484 βαρίδες
871 2445 922 2470 τε
952 2428 1146 2478 πόντιαι,
1189 2427 1376 2468 dictionis
1419 2427 1624 2482 quaedam
1665 2427 1786 2468 elatio

239 2495 290 2536 ad
308 2495 509 2551 Aeschyli
535 2495 763 2537 orationem
790 2496 972 2538 maxime
998 2494 1308 2537 accommodata
1334 2496 1438 2537 bene
1455 2494 1621 2550 quidem
1642 2494 1788 2547 elucet,

238 2563 503 2606 substantivis
534 2579 641 2619 quae
672 2564 885 2606 continent
913 2579 1132 2621 personam
1164 2571 1204 2606 et
1232 2579 1320 2606 rem
1351 2564 1496 2620 Ζέρξης
1542 2570 1581 2604 et
1618 2562 1789 2617 βαρίδες

240 2634 436 2684 πόντιαι,
474 2633 734 2675 coniunctiva
765 2632 966 2690 particula
995 2650 1046 2675 τε
1074 2633 1191 2675 iuxta
1218 2632 1359 2690 positis
1390 2632 1445 2673 ita
1477 2638 1522 2672 ut
1550 2630 1695 2673 eadem
1727 2631 1789 2671 vis

239 2709 280 2744 et
307 2701 489 2758 gravitas
520 2701 727 2742 tribuatur
756 2715 957 2758 personae
989 2709 1030 2743 et
1054 2702 1124 2743 rei.
1186 2700 1324 2742 Credo
1354 2707 1492 2741 tamen
1524 2699 1789 2740 scribendum

241 2785 330 2814 esse
360 2769 584 2827 βαρίδεσσι
614 2772 826 2821 ποντίαις,
864 2785 957 2812 cum
988 2785 1184 2827 personas
1224 2784 1290 2811 res
1332 2768 1653 2810 concomitantes
1696 2784 1787 2809 cum

242 2839 443 2883 adieetivo
473 2837 710 2880 coniunctas
742 2839 829 2881 solo
860 2839 1000 2882 dativo
1032 2838 1246 2895 explanari
1278 2838 1410 2879 solere
1441 2844 1600 2879 constet
1630 2837 1789 2893 magni-

240 2909 448 2964 ficumque
473 2906 578 2948 illud
608 2907 845 2964 exponendi
874 2922 1009 2964 genus
1040 2908 1091 2949 ad
1123 2906 1322 2950 eiusmodi
1362 2921 1502 2948 rerum
1541 2905 1790 2962 simplicium
