2086 3375
893 195 1176 236 —14—

257 325 424 380 quidem
455 324 658 366 sententia
689 330 751 365 est
779 324 1074 381 pherecrateus
1104 323 1175 380 qui
1207 322 1357 365 dicitur
1396 350 1431 354 -
1459 359 1493 372 ψ
1519 348 1554 354 -
1579 358 1663 372 vv
1696 349 1725 354 -
1766 348 1803 353 -—

258 393 455 450 primaria
485 394 618 435 forma
648 401 823 435 servata.
876 393 1045 435 Rectius
1076 393 1226 435 deinde
1256 393 1524 435 Hermannus
1555 409 1680 449 quam
1710 393 1813 434 Din-

257 462 413 504 dorfius
443 471 620 505 metrum
653 461 874 514 constituit,
913 476 1005 504 cum
1045 462 1200 518 φρενὸς
1242 463 1373 517 φίλον
1417 463 1573 517 θρόνον
1617 462 1677 504 sui
1715 462 1814 503 iuris

258 532 311 572 sit
340 532 455 574 ordo,
518 531 672 586 χρόνος
703 533 747 571 δέ
778 548 850 571 τοι
889 531 1055 586 dipodia
1096 530 1268 570 iambica
1313 538 1375 571 est
1413 545 1489 572 nec
1525 530 1814 572 confundenda

259 615 351 641 cum
383 599 651 655 sequentibus
682 599 829 640 iambis
859 599 1140 654 πρυμνησίων
1172 601 1248 648 ξὺν
1272 602 1484 653 ἐμβολαῖς,
1516 615 1609 640 cum
1630 601 1814 640 senarius

258 669 300 708 in
330 668 457 709 choro
489 667 624 709 inesse
654 682 737 709 non
768 667 910 711 soleat.
977 666 1101 718 Quod
1132 666 1209 708 sibi
1240 666 1362 709 finxit
1389 666 1575 711 Joannes
1608 666 1814 711 Henricus

259 736 517 778 Schmidtius
549 737 802 777 trochaicum
824 736 1033 777 senarium
1053 735 1350 788 catalecticum,
1382 736 1471 777 viro
1490 736 1610 778 docto
1627 737 1812 779 assentiri

261 820 343 847 non
383 820 561 862 possum.
626 805 832 846 Anacrusi
873 804 983 847 enim
1021 804 1247 860 praemissa
1283 820 1414 861 eaque
1454 806 1505 847 ab
1544 805 1688 847 ordine
1727 807 1815 862 ipso

259 882 449 931 separata
479 874 603 914 totius
633 874 828 929 strophae
857 874 1104 929 rhythmum
1137 873 1349 929 pervertit.
1395 873 1566 928 Ubique
1595 873 1705 915 enim
1736 874 1815 914 hoc

262 957 341 984 uno
372 942 462 984 loco
494 948 667 998 excepto
697 941 840 983 statuit
870 941 1036 983 ordines
1067 942 1310 994 tmehaicos,
1342 942 1383 983 in
1415 942 1814 997 quibusatrochaeo

259 1012 349 1067 ipso
396 1010 444 1050 fit
486 1010 662 1052 initium.
724 1009 873 1051 Solent
918 1009 1084 1065 quidem
1131 1009 1294 1051 iambici
1339 1009 1502 1052 ordines
1544 1009 1814 1052 intermisceri

261 1079 490 1131 trochaicis,
522 1094 605 1120 non
636 1086 775 1120 tamen
805 1081 1002 1129 senarius,
1032 1079 1103 1133 qui
1129 1079 1180 1118 ad
1198 1079 1368 1133 dialogi,
1399 1093 1481 1118 non
1500 1079 1612 1119 chori
1630 1078 1814 1119 indolem

261 1155 322 1190 est
352 1154 481 1204 aptus.
546 1146 712 1189 Deinde
742 1145 999 1190 Schmidtius
1030 1146 1217 1189 ordinem
1252 1147 1449 1189 construit
1491 1146 1690 1188 eiusmodi
1733 1147 1812 1189 for-

261 1224 419 1257 matum
452 1219 644 1272 ψαμμίας
676 1217 717 1266 ἐξ
746 1218 881 1265 ἀκτᾶς
911 1216 1094 1271 βέβηκεν,
1125 1216 1204 1257 ebs
1229 1217 1315 1257 ’ὑπ’
1340 1216 1478 1259 Ἴλιον
1494 1230 1815 1272 mensuramque

261 1287 348 1327 eius
381 1286 489 1326 hanc
517 1299 605 1327 esse
636 1291 794 1326 censet:

382 1379 421 1384 -
451 1354 679 1403 ψίῑ,1·-
709 1353 999 1409 ψΙ-υΧΙ-
1031 1354 1101 1402 ψ]
1132 1379 1160 1382 -
1192 1353 1257 1402 vl
1288 1378 1302 1381 ·
1345 1353 1414 1402 a!
1446 1378 1475 1382 -
1517 1354 1617 1409 Al!-

374 1424 422 1464 ln
457 1437 539 1477 quo
570 1422 676 1462 iusta
707 1422 1030 1477 reprehensione
1059 1422 1146 1463 sine
1175 1421 1454 1463 controversia
1484 1422 1636 1477 dignus
1667 1430 1728 1463 est
1750 1424 1814 1463 vir

260 1491 415 1532 doctus.
479 1489 670 1530 Primum
701 1490 810 1531 enim
844 1504 1056 1531 caesuram
1086 1504 1228 1531 versus
1260 1489 1376 1545 ponit
1419 1504 1516 1538 non,
1558 1497 1603 1531 ut
1641 1498 1814 1547 oportet,

258 1566 353 1616 post
372 1573 528 1610 vocem,
550 1557 623 1599 sed
640 1565 733 1615 post
749 1559 955 1615 syllabam
975 1559 1140 1600 brevem
1163 1559 1205 1599 in
1221 1562 1322 1615 βεγχ,
1347 1573 1429 1614 quo
1450 1559 1550 1615 quid
1567 1559 1671 1615 fingi
1688 1560 1817 1616 possit

259 1628 479 1670 absurdius
512 1627 622 1668 haud
644 1627 765 1668 facile
786 1627 976 1669 dixerim.
1025 1627 1241 1683 Vituperat
1269 1627 1525 1670 Schmidtius
1548 1630 1817 1672 vehementer

258 1697 476 1739 lectionem
508 1697 702 1752 ψαμμίας
733 1697 902 1747 ἀκοίτας
931 1699 1176 1752 παρήβησεν
1215 1722 1251 1727 --
1278 1731 1313 1743 „2
1340 1723 1366 1727 -
1405 1733 1436 1745 „,
1455 1732 1490 1744 ψ
1510 1724 1550 1728 --
1578 1735 1603 1742 d
1632 1724 1670 1729 -
1704 1725 1740 1729 —
1771 1733 1815 1753 v,

260 1768 433 1820 ψαμμία
460 1766 569 1806 enim
603 1767 750 1805 ἀκάτα
780 1765 1087 1805 coniuntionem
1119 1765 1364 1806 substantivi
1397 1780 1489 1806 cum
1509 1765 1708 1808 adiectivo
1729 1781 1816 1809 esse

259 1841 430 1891 propter
462 1849 628 1875 sensum
661 1834 786 1889 plane
815 1833 1132 1876 intolerabilem.
1166 1833 1374 1889 Equidem
1397 1835 1529 1876 lenius
1547 1835 1597 1877 de
1615 1836 1815 1878 eiusmodi

261 1902 424 1945 dicendi
470 1916 626 1958 genere
673 1901 832 1954 iudico,
879 1916 1060 1958 agnosco
1102 1901 1210 1943 onim
1254 1901 1477 1958 imaginem
1519 1919 1543 1944 a
1579 1904 1816 1960 navigando

262 1972 441 2014 ductam.
503 1971 770 2027 Comparatio
801 1971 1030 2011 instituitur
1059 1971 1168 2011 inter
1197 1970 1293 2011 litus
1325 1978 1365 2012 et
1406 1972 1660 2026 naviculam3
1702 1974 1818 2015 navi-

264 2040 356 2082 cula
387 2039 439 2081 ad
473 2039 569 2080 litus
594 2046 656 2081 est
675 2039 859 2095 appulsa.
894 2042 1140 2095 παρήβησεν
1156 2055 1238 2080 vox
1257 2054 1340 2081 non
1357 2055 1404 2082 ea
1424 2048 1495 2094 est,
1526 2057 1632 2098 quae
1648 2051 1817 2100 propter

262 2109 562 2151 sententiarum
594 2122 829 2149 connexum
860 2107 1051 2154 videatur
1079 2108 1300 2152 reicienda.
1338 2113 1534 2165 παρηβᾶν
1572 2112 1680 2152 enim
1723 2095 1817 2224 cuZi

264 2177 315 2219 de
343 2185 531 2234 tempore
562 2176 642 2218 dici
673 2191 755 2218 non
787 2183 923 2231 queat,
954 2191 1038 2217 non
1067 2176 1276 2233 intellig03
1319 2178 1524 2234 significat
1563 2180 1698 2237 potius
1738 2182 1765 2224 h
1795 2198 1817 2223 c

264 2248 440 2288 verbum
479 2261 574 2288 eum
613 2245 837 2287 iuventutis
879 2251 1032 2286 statum
1073 2260 1155 2301 quo
1199 2246 1424 2303 puerilibus
1467 2249 1584 2291 annis
1629 2251 1817 2307 migratis

262 2317 422 2359 iuvenis
454 2315 667 2372 propriam
699 2329 746 2355 ac
775 2314 1027 2370 peculiarem
1056 2314 1133 2355 sibi
1167 2317 1421 2371 comparavit
1463 2318 1571 2360 vitae
1612 2320 1815 2362 condicio-

263 2399 372 2427 nem.
433 2383 599 2426 Deinde
630 2398 714 2425 non
745 2383 842 2424 satis
876 2383 979 2425 bene
1009 2383 1265 2425 demonstrat
1300 2384 1565 2440 Schmidtius,
1602 2403 1675 2429 cur
1704 2406 1816 2446 παρ-

263 2457 417 2509 ήβησεν
447 2453 551 2494 falsa
579 2452 703 2494 lectio
734 2452 786 2493 sit
816 2451 1028 2504 habenda;
1070 2467 1122 2494 ne
1154 2452 1331 2493 minimis
1364 2454 1529 2509 quidem
1560 2458 1818 2512 argumentis

264 2522 422 2563 stabilit
451 2536 499 2562 ac
528 2520 747 2563 confirmat
787 2520 1034 2564 sententiam
1075 2536 1204 2574 suam,
1245 2537 1327 2578 qua
1365 2523 1556 2565 traditam
1598 2525 1816 2568 lectionem

265 2597 383 2647 putat
411 2598 661 2647 corruptam.

379 2657 556 2702 Sextum
588 2660 791 2701 canticum
826 2666 986 2701 constat
1026 2673 1077 2700 ex
1114 2658 1301 2700 versibus
1336 2659 1628 2715 1407-1411,
1667 2663 1817 2719 quibus

266 2741 340 2783 per
380 2727 682 2784 antistropham
721 2728 977 2786 respondent
1010 2727 1306 2772 1426—1430.
1370 2727 1498 2771 Miror
1538 2730 1817 2775 Schmidtium

266 2811 349 2838 non
380 2796 545 2848 vidisse,
577 2805 756 2839 metrum
787 2798 909 2838 huius
940 2796 1087 2837 cantici
1118 2796 1419 2852 simplicissimo
1450 2799 1573 2841 modo
1602 2800 1658 2843 ita
1697 2815 1818 2858 posse

265 2864 469 2919 constitui,
499 2872 545 2908 ut
574 2867 727 2924 ubique
755 2873 1038 2924 agnoscantur
1067 2865 1296 2908 dochmiaci
1314 2881 1485 2912 versus„
1514 2868 1619 2913 Inde
1640 2871 1819 2928 emergit
