2086 3375
1024 225 1303 268 ..22-

385 360 525 406 tamen
558 353 593 395 ei
625 351 812 395 assentiri
843 366 1011 409 possum
1035 351 1078 394 in
1100 351 1249 395 horum
1272 366 1464 395 versuum
1485 365 1691 405 mensura,
1721 358 1941 410 propterea

386 422 498 478 quod
530 422 730 462 unitatem
760 421 1043 476 rhythmicam
1074 421 1228 476 ubique
1266 421 1426 462 restitui
1453 436 1573 477 posse
1603 421 1703 461 mihi
1734 436 1817 462 non
1848 436 1939 478 per·

386 505 553 532 suasum
584 496 657 532 est.
716 488 925 545 Equidem
955 503 1100 532 versus
1130 495 1232 546 puto
1260 489 1457 532 iambicos
1489 504 1537 532 eo
1566 489 1700 546 magis
1740 489 1791 531 ad
1832 490 1942 531 hanc

383 558 630 601 sententiam
662 557 877 608 adductus,
920 556 1032 613 quod
1062 557 1212 598 senarii
1255 557 1440 599 existunt
1479 558 1656 599 iambici.
1715 558 1767 599 ln
1809 565 1940 600 metro

384 626 562 668 duorum
602 640 799 668 versuum
842 625 1184 680 subsequentium
1237 625 1493 666 restituendo
1545 625 1737 666 omnibus
1767 619 1941 667 >viribus

384 701 510 750 atque
539 693 686 750 opibus
718 693 866 735 enixus
897 699 958 735 est
988 691 1258 745 Schmidtius‚
1300 700 1346 734 ut
1377 708 1445 735 eos
1476 693 1527 734 ad
1567 693 1821 736 trochaicum
1866 708 1936 735 nu-

384 775 547 802 merum
578 761 742 802 referat.
786 760 881 801 Non
913 767 1053 801 tamen
1085 760 1209 801 eredo
1240 759 1323 801 tale
1346 760 1445 815 quid
1471 760 1632 801 admitti
1655 776 1787 817 posse,
1817 777 1940 819 prop-

385 835 499 872 terea
529 827 642 885 quod
675 827 778 870 ordo
808 827 948 870 existit
974 826 1142 883 longior
1184 842 1309 883 quam
1351 827 1422 883 qui
1461 828 1630 870 tolerari
1668 836 1806 885 queat.
1865 829 1941 872 Est

385 898 496 940 enim
526 896 753 953 decapodia
784 911 878 937 cum
909 896 1111 937 anacrusi.
1171 895 1380 952 Respicias
1411 896 1573 949 deinde,
1604 912 1770 952 quaeso,
1801 912 1940 940 caesu—

384 980 476 1007 ram
505 971 590 1007 tam
620 965 732 1007 male
762 964 1020 1016 collocatam,
1060 970 1106 1005 ut
1145 970 1277 1005 totum
1318 978 1552 1010 numerum,
1579 971 1749 1007 evertat.
1808 966 1939 1008 Deca-

384 1033 546 1090 podiae,
576 1033 609 1074 si
639 1032 809 1074 omnino
840 1038 947 1074 esset
976 1031 1243 1084 admittenda,
1274 1031 1363 1074 sine
1393 1031 1518 1074 dubio
1542 1040 1635 1089 post
1663 1033 1854 1089 quintum
1869 1049 1939 1091 pe-

385 1101 480 1142 dem
511 1115 680 1142 caesura
711 1107 818 1142 esset
848 1100 1079 1152 statuenda,
1110 1114 1193 1141 non
1223 1107 1316 1156 post
1344 1106 1509 1142 sextum
1538 1101 1595 1142 ita
1626 1108 1672 1142 ut
1696 1109 1941 1157 sequeretur

388 1167 632 1225 tetrapodia.
681 1167 823 1218 Quare
851 1182 945 1208 cum
977 1166 1222 1209 Hermanno
1252 1167 1334 1209 duo
1366 1167 1531 1210 ordines
1560 1169 1602 1210 in
1634 1169 1816 1211 medium
1845 1186 1938 1227 pro-

387 1236 580 1279 ferendos
611 1242 737 1292 atque
767 1236 824 1276 ita
854 1235 1120 1277 scribendum
1151 1250 1320 1279 censeo:

499 1304 676 1359 διαλγὴς
706 1302 840 1344 δ’ἄτα
869 1305 1064 1358 διαφέρει

501 1373 583 1414 τὸν
613 1371 760 1413 αἴτιον
789 1372 1069 1426 παναρκέτας
1101 1372 1233 1413 νόσου
1263 1374 1417 1426 βρύειν.

496 1438 657 1481 Censeo
674 1438 737 1479 his
748 1438 935 1480 versibus
951 1438 1008 1480 ita
1020 1439 1257 1496 quempiam
1269 1438 1427 1482 mederi
1444 1453 1574 1496 posse,
1592 1446 1637 1481 ut
1650 1438 1803 1480 scribat
1815 1440 1938 1480 διαλ-

386 1509 453 1563 γὲς
483 1507 575 1547 ἄτα
605 1507 799 1562 διαφέρει
831 1507 854 1545 i.
886 1521 919 1547 e.
951 1506 1073 1562 culpa
1100 1507 1217 1547 triste
1247 1507 1448 1562 quiddam
1478 1521 1578 1563 prae
1607 1521 1650 1548 se
1676 1507 1766 1549 fert.
1806 1506 1940 1547 Deleo

385 1575 514 1631 igitur
544 1575 582 1615 δ’
612 1573 848 1630 inducoque
877 1580 1072 1616 neutrum
1103 1576 1288 1630 διαλγές,
1318 1574 1374 1616 ita
1405 1582 1450 1617 ut
1480 1574 1733 1617 accusativus
1761 1574 1942 1632 pendeat

386 1659 439 1686 ex
470 1658 572 1684 voce
602 1644 797 1699 διαφέρει
828 1650 867 1684 et
898 1642 940 1683 in
974 1642 1168 1684 universo
1197 1643 1410 1685 enuntiato
1443 1643 1736 1686 interiectionis
1766 1643 1941 1685 orationi

385 1712 464 1770 ipsi
492 1710 760 1768 interpositae
788 1711 942 1768 species
972 1726 1055 1753 non
1087 1712 1257 1767 agnosci
1288 1726 1372 1753 non
1402 1719 1537 1768 queat.
1597 1711 1818 1754 Adductus
1848 1727 1938 1753 sum

387 1781 440 1822 ad
470 1780 579 1820 hanc
608 1778 886 1820 coniecturam
928 1793 975 1820 ea
1016 1793 1073 1830 re,
1118 1779 1230 1834 quod
1272 1779 1411 1835 priore
1451 1780 1542 1821 loco
1585 1779 1801 1821 restituere
1838 1780 1940 1821 mihi

385 1846 581 1906 proposui
613 1846 937 1902 quaternarium,
971 1846 1200 1902 posteriore
1224 1846 1447 1888 senarium.
1485 1847 1751 1903 Quamquam
1772 1862 1938 1889 menon

386 1916 506 1973 fugit,
548 1913 877 1957 coniunctionem
907 1914 1100 1957 ordinum
1132 1915 1298 1958 inverso
1329 1915 1473 1958 ordine
1512 1916 1718 1973 prolatam
1761 1916 1939 1972 antiquis

386 1986 516 2026 multo
548 1984 681 2039 magis
712 1983 836 2024 fuisse
866 1983 907 2023 in
940 1983 1107 2024 deliciis.
1166 1984 1301 2041 Epodi
1332 1991 1466 2026 metra
1500 1983 1756 2026 Schmidtius
1787 1984 1941 2041 optime

383 2053 574 2095 restituit.
634 2052 853 2093 Canticum
886 2066 1041 2107 magna
1072 2053 1368 2107 rhythmorum
1401 2053 1658 2094 diversorum
1690 2053 1795 2094 bene
1832 2053 1940 2094 inter

384 2136 429 2163 se
453 2120 766 2163 coniunctorum
790 2120 1101 2175 magnificentia
1122 2120 1300 2162 excellit.
1342 2119 1501 2162 Textus
1520 2120 1653 2175 qualis
1670 2135 1693 2161 a
1708 2115 1939 2162 Schmidtio

384 2196 561 2231 statutus
592 2194 664 2238 est,
697 2194 758 2228 est
787 2187 832 2237 is,
873 2195 919 2228 ut
946 2188 987 2228 in
1022 2202 1069 2229 eo
1101 2188 1362 2243 acquiescere
1400 2188 1614 2244 possimus.
1673 2187 1939 2244 Stribligines

385 2257 552 2299 admisit
591 2256 656 2297 vir
697 2255 940 2297 doctissmus
981 2255 1142 2298 duobus
1184 2256 1296 2308 loeis,
1344 2271 1436 2297 eum
1478 2271 1642 2299 versum
1691 2256 1857 2298 tertium
1899 2264 1939 2299 et

385 2332 580 2382 quartum
607 2339 700 2366 cum
737 2323 869 2380 primo
900 2331 941 2365 et
970 2324 1152 2366 secundo
1182 2324 1488 2379 quodammodo
1519 2324 1569 2365 ad
1602 2339 1727 2365 unam
1751 2325 1939 2381 rhythmi

384 2394 562 2436 formam
597 2392 756 2434 referre
798 2391 962 2434 studeat
1002 2399 1128 2447 atque
1170 2392 1226 2433 ita
1265 2392 1452 2434 ultimam
1494 2401 1535 2434 et
1574 2393 1683 2435 tertii
1722 2400 1762 2434 et
1802 2393 1940 2448 quarti

384 2462 592 2518 syllabam
620 2467 737 2517 putet
765 2476 853 2502 esse
884 2460 1145 2516 productam.
1184 2460 1329 2502 Falso:
1358 2460 1468 2502 Nam
1499 2478 1547 2503 ον
1577 2462 1619 2502 in
1650 2476 1750 2503 vocc
1777 2464 1940 2516 ἐςᾶγον

385 2537 426 2572 et
463 2546 492 2571 α
531 2529 574 2570 in
614 2543 716 2570 voce
759 2529 910 2570 δίκαια
950 2528 1115 2570 efficere
1154 2528 1360 2584 syllabam
1406 2529 1576 2572 brevem
1614 2530 1772 2585 absque
1812 2529 1937 2571 dubio

384 2604 546 2639 constat
589 2611 727 2653 neque
774 2597 1032 2653 argumentis
1077 2611 1180 2653 opus
1225 2604 1299 2638 est.
1368 2597 1451 2639 Sed
1503 2597 1716 2640 videamus
1759 2598 1937 2654 singula.

384 2666 527 2708 Lectio
551 2667 661 2721 ἀμφ’
677 2666 872 2707 ἄπτολιν
894 2664 1100 2707 reicienda
1125 2672 1197 2717 est,
1229 2680 1322 2706 cum
1341 2665 1462 2707 valde
1481 2666 1533 2707 sit
1555 2666 1752 2722 prosaica.
1783 2665 1938 2717 Quem—

385 2749 481 2776 nam
505 2741 692 2776 nostrum
714 2734 861 2790 fugere
883 2733 1045 2790 poterit,
1070 2724 1256 2775 dictionis
1272 2735 1532 2791 Aeschyleae
1549 2734 1938 2791 grandiloquentiae

385 2809 426 2844 et
455 2802 791 2858 magnificentiae
821 2803 977 2859 optime
1008 2802 1229 2844 convenire
1258 2803 1476 2845 lectionem
1517 2804 1715 2860 ἀνάγκαν
1746 2804 1827 2860 γὰρ
1856 2805 1936 2860 ἀμ-

385 2872 606 2926 φίπτολιν
636 2872 688 2912 ab
718 2871 965 2913 Hermanno
996 2871 1222 2912 statutam?
1283 2871 1333 2912 In
1374 2872 1494 2913 tertio
1524 2886 1647 2913 versu
1678 2872 1828 2913 rectius
1857 2872 1938 2913 for-
