2150 3359
598 622 846 717 Disputatio
881 622 930 703 fle
962 621 1182 716 Antigona
1215 622 1440 719 Sophoclis
1474 624 1626 704 altera.

446 763 564 805 Vers.
598 763 674 804 351
713 762 963 805 scholiastes
995 762 1138 803 tradit:
1179 762 1437 817 ἀμφίλοφον
1476 763 1623 817 ζυγόν]
1649 766 1764 806 Ἀντὶ
1794 772 1886 805 τοῦ.

331 833 575 889 περιβαλὼν
605 834 725 887 αὐτῷ
757 833 886 888 ζυγὸν
916 833 1017 887 περὶ
1046 833 1125 872 τὸν
1152 832 1304 886 λόφοι),
1334 832 1505 886 ὑπάγει.
1542 830 1603 872 ”H
1622 834 1888 886 ἀμφίλοφον,

332 905 413 943 τὸν
443 902 795 956 ἀμφιτράχηλον,
834 901 917 941 τὸν
953 901 1268 955 ἀμφοτέρωθεν
1309 902 1551 953 συνέχοντα
1589 900 1688 949 τοὺς
1727 901 1889 954 λόφους

331 976 420 1011 τῶν
451 970 703 1023 ὑποζυγίων.
765 967 853 1010 Καὶ
895 971 1034 1009 λείπει
1074 972 1096 1016 ἡ
1135 971 1232 1009 ὑπό.
1272 968 1356 1007 ὑπὸ
1387 969 1514 1020 ζυγὸν
1544 966 1653 1021 ἄγει.
1714 968 1803 1017 [Εἰς
1835 969 1889 1008 τὸ

332 1038 478 1086 αὐτό]
539 1037 690 1079 Aetnen
734 1041 756 1086 ἡ
784 1037 883 1078 ὑπό.
944 1036 995 1077 ln
1043 1035 1280 1077 universum
1322 1034 1561 1076 scholiastes
1600 1048 1768 1076 sensum
1811 1035 1890 1077 loci

332 1105 542 1162 probabili
568 1105 691 1145 modo
723 1104 934 1156 exhibuit3
981 1103 1135 1145 erravit
1166 1110 1303 1144 tamen
1342 1103 1386 1143 in
1422 1101 1613 1144 adiectivi
1643 1103 1892 1159 ἀμφίλοφος

334 1172 677 1229 interpretatione
727 1172 1013 1227 grammatica,
1061 1186 1155 1212 cum
1195 1172 1382 1227 passivae
1422 1170 1580 1211 formae
1618 1170 1810 1211 adiectivi
1849 1172 1892 1211 in

335 1240 663 1298 antepenultima
705 1240 870 1297 syllaba
916 1245 1134 1281 accentum
1180 1238 1370 1281 habentis
1414 1238 1672 1281 substituerit
1717 1237 1893 1279 activam

334 1308 697 1365 significationem.
772 1308 927 1350 Versus
969 1307 1219 1364 plerumque
1263 1307 1321 1348 ita
1358 1307 1513 1363 legitur
1551 1307 1809 1360 constitutus,
1848 1313 1895 1348 ut

334 1377 555 1419 lectionem
586 1376 778 1419 ostendat
807 1377 964 1417 hancce
992 1375 1090 1417 satis
1122 1375 1289 1431 quidem
1322 1374 1556 1416 mirandam
1585 1374 1727 1418 ἵππον
1757 1376 1891 1431 ὀχμά-

336 1448 461 1495 ζεται
491 1446 606 1499 ἀμφὶ
637 1444 777 1500 λόφον
810 1443 949 1498 ζυγόν.
999 1442 1254 1499 Corruptum
1285 1457 1373 1484 esse
1403 1443 1553 1495 locum,
1583 1442 1772 1483 codicum
1802 1457 1895 1483 auc-

335 1511 501 1553 toritate
529 1511 733 1564 firmatur,
764 1517 809 1552 ut
837 1510 871 1551 si
903 1510 995 1566 quis
1011 1510 1247 1552 coniectura
1263 1507 1362 1566 q‘uid
1380 1510 1578 1566 augurari
1596 1517 1779 1562 conetur,
1810 1525 1894 1551 non

334 1578 388 1621 sit
409 1577 721 1636 vituperandus
762 1577 1108 1621 Schneidewinus
1139 1580 1404 1635 ἀμφιλοφῶν
1434 1579 1562 1636 ζυγὸν
1591 1578 1801 1636 scripsisse
1817 1577 1895 1621 So-

336 1647 532 1705 phoclem
562 1647 736 1704 putavit,
765 1662 849 1702 qua
877 1647 920 1688 in
951 1647 1186 1689 coniectura
1215 1647 1320 1688 nihil
1349 1647 1455 1688 iusta
1485 1648 1806 1704 reprehensione
1835 1648 1893 1689 vi-

339 1715 462 1759 detur
477 1715 668 1772 dignum,
684 1730 811 1772 quam
827 1715 939 1772 quod
956 1716 1132 1758 verbum
1152 1715 1351 1773 Sophocli
1367 1715 1540 1758 subiecit
1554 1717 1722 1774 propria
1736 1717 1895 1773 ingenii

340 1784 631 1826 observatione
665 1784 901 1836 confictum,
934 1783 1108 1826 Graecis
1137 1791 1276 1826 tamen
1306 1784 1557 1827 inusitatum.
1607 1785 1697 1828 Nec
1726 1785 1896 1829 defuere

340 1852 411 1909 qui
441 1852 750 1896 Schneidewini
781 1852 957 1908 vestigia
986 1852 1163 1908 ingressi
1203 1852 1304 1894 alias
1345 1852 1494 1895 afferre
1532 1853 1721 1910 tuerique
1760 1856 1895 1897 conati

337 1921 421 1963 sint
449 1921 719 1974 coniecturas,
750 1920 989 1977 Kayserum
1022 1921 1113 1962 dico
1147 1927 1188 1963 et
1215 1921 1453 1974 Franzium,
1494 1936 1673 1977 quorum
1705 1923 1778 1965 ille
1808 1938 1896 1965 cor-

339 1989 564 2046 rigendum
595 2003 683 2031 esse
713 1989 935 2031 arbitratus
968 1996 1029 2031 est
1056 1990 1297 2046 ἀμφιλόφῳ
1325 1992 1452 2046 ζυγῷ,
1494 1990 1562 2030 hic
1603 1992 1717 2046 ἀμφὶ
1755 1992 1895 2046 λόφον

342 2062 465 2114 ζυγῷ.
525 2057 631 2099 Mihi
662 2065 840 2114 utraque
868 2058 989 2099 lectio
1020 2073 1104 2099 non
1135 2057 1299 2109 sufficit,
1339 2073 1433 2099 cum
1461 2058 1505 2099 in
1543 2059 1682 2114 priore
1723 2059 1893 2101 dubium

341 2126 407 2180 sit,
437 2132 548 2168 num‘
569 2125 820 2169 adiectivum
851 2125 963 2182 quod
994 2133 1055 2168 est
1085 2127 1333 2183 ἀμφίλοφος
1364 2126 1531 2169 omnino
1554 2127 1727 2170 Graecis
1753 2128 1795 2170 in
1827 2129 1894 2171 de-

340 2195 445 2236 liciis
476 2195 602 2237 fuerit
627 2201 668 2236 et
696 2195 729 2235 si
760 2195 895 2247 fuerit,
926 2194 1182 2250 probabilius
1209 2208 1298 2235 esse
1314 2208 1473 2248 censeo,
1507 2196 1716 2252 passivum
1730 2211 1892 2238 sensum

341 2270 514 2320 propter
555 2269 770 2305 accentum
810 2262 853 2303 id
891 2261 1141 2303 adiectivum
1185 2261 1413 2303 ostendisse
1454 2278 1577 2318 quam
1621 2265 1811 2317 activum,
1852 2266 1894 2306 in

342 2330 571 2388 posteriore
600 2331 717 2386 ἀμφὶ
742 2329 883 2385 λόφον
913 2328 1101 2370 adverbii
1130 2329 1261 2370 instar
1290 2329 1380 2371 sine
1404 2329 1529 2372 dubio
1558 2331 1735 2388 positum
1767 2333 1894 2390 accipi

344 2399 508 2452 debeat,
547 2397 591 2439 id
623 2397 736 2453 quod
766 2398 905 2440 sensui
936 2412 1082 2439 versus
1121 2398 1372 2439 contrarium
1410 2405 1484 2451 est,
1519 2413 1610 2440 cum
1652 2402 1894 2456 praesertim

342 2483 437 2510 cum
480 2481 579 2510 voce
619 2468 864 2524 ὀχμάζεται
904 2466 1182 2521 coniungatur
1224 2480 1390 2508 necesse
1430 2466 1494 2509 sit.
1564 2467 1739 2510 Accedit
1782 2470 1894 2525 quod

342 2540 452 2592 ζυγῷ·
484 2534 647 2577 dativus
679 2534 732 2576 ad
763 2534 868 2576 nihil
898 2533 1045 2577 referri
1077 2540 1223 2590 potest,
1266 2533 1338 2576 sed
1368 2533 1429 2575 sui
1459 2533 1558 2576 iuris
1591 2535 1715 2579 debet
1753 2538 1894 2596 accipi,

342 2612 388 2645 ut
416 2604 737 2646 instrumentum
768 2603 978 2655 exhibeat,
1016 2618 1097 2657 qua
1127 2617 1172 2643 re
1203 2603 1282 2643 hoc
1311 2602 1402 2643 loco
1433 2603 1537 2643 nihil
1567 2611 1629 2645 est
1654 2605 1894 2648 mirabilius.

457 2670 578 2722 Quae
607 2686 701 2713 cum
730 2671 787 2713 ita
818 2670 913 2724 sint,
941 2669 1152 2728 scripsisse
1183 2669 1434 2727 Sophoclem
1464 2670 1566 2713 haec
1592 2680 1710 2728 puto:
1751 2674 1894 2719 ἵππον

343 2742 584 2795 ὀχμάζεται
613 2742 815 2794 λοφωτὸν
846 2747 964 2796 ςυγῷ.
1005 2738 1129 2780 Hanc
1153 2738 1432 2779 coniecturam
1454 2740 1487 2779 si
1504 2739 1727 2795 diligenter
1742 2742 1894 2784 erimus

342 2807 493 2860 intuiti,
522 2807 669 2864 fugere
699 2822 775 2850 nos
805 2822 891 2851 non
920 2807 1085 2865 poterit,
1117 2806 1356 2863 extorqueri
1384 2793 1550 2848 sensum
1579 2823 1661 2850 non
1688 2816 1891 2866 oportere.

344 2875 610 2921 Adiectivum
648 2877 818 2919 verbale
859 2878 1118 2934 ,,λοφωτὸς“
1153 2874 1327 2922 Graecis
1365 2889 1449 2917 non
1490 2876 1614 2920 fuisse
1654 2877 1894 2923 inusitatum
