2086 3375
883 248 1164 291 ,26-

240 381 325 417 tato
356 388 502 416 versus
531 373 671 417 existit
701 374 828 416 hocce
856 373 981 418 modo
1013 375 1213 419 formatus

412 478 767 491 vvvvvvv
795 457 910 486 mere
926 444 1206 499 logaoedicus,
1237 445 1289 485 ad
1306 459 1484 500 eumque
1502 458 1720 485 numerum
1740 445 1796 485 ef

239 510 463 553 ficiendum
505 511 607 553 mihi
638 511 824 554 arridere
862 511 1060 554 lectiones
1092 515 1162 554 τοὶ
1192 515 1230 553 δ’
1263 514 1347 569 ἄρα
1374 513 1613 568 πρωτόμορ’
1643 513 1731 562 οἶος
1760 520 1801 553 ct

236 580 533 637 γναπτόμενοι
564 581 601 622 δ’
634 582 710 623 ἁλὶ
740 581 864 638 δεινᾷ
906 579 1114 623 codicibus
1155 579 1269 638 Lips
1309 579 1508 624 Cantabr.
1539 578 1566 622 2
1607 578 1705 622 Par.
1747 579 1796 623 L.

238 648 458 703 praebitas,
499 649 745 690 scholiastae
774 649 1018 690 auctoritate
1047 648 1260 700 stabilitas,
1300 662 1324 688 a
1355 647 1566 690 Lobeckio
1603 647 1646 688 in
1686 661 1795 689 com—

239 713 365 759 ment.
395 716 448 758 ad
478 716 652 760 Aiacem
686 735 724 759 v,
756 718 867 759 1010
897 717 1154 772 argumentis
1194 716 1469 758 confirmatas.
1529 717 1625 758 Non
1665 718 1796 773 probo

238 784 399 842 Engeri
428 785 690 839 sententiam,
721 784 955 829 Hermanni
986 783 1234 842 scripturam
1257 782 1361 843 δίνᾳ
1384 782 1544 827 admitti
1560 798 1642 828 non
1661 798 1793 842 posse,

241 868 335 894 cum
365 855 460 904 δίνη
489 855 794 895 substantivum
827 854 952 895 maris
982 853 1291 895 fluctuationem
1332 853 1572 908 significans
1614 867 1697 894 non
1736 853 1793 894 ita

239 920 482 963 inusitatum
512 935 601 964 esse
630 921 893 979 exploratum
923 920 976 963 sit
1004 935 1081 963 nec
1107 926 1209 979 puto
1237 928 1320 972 τᾶς
1350 922 1569 977 ἀμιάντου
1597 920 1690 963 ideo
1707 935 1797 964 esse

238 989 495 1032 reiciendum
524 990 637 1046 quod
670 990 975 1032 substantivum
1005 996 1068 1032 est
1095 989 1389 1046 supplendum.
1433 989 1571 1031 Credo
1602 988 1796 1045 equidem

237 1057 386 1115 potius,
416 1064 463 1100 ut
491 1064 639 1112 terrae,
668 1057 725 1101 ita
755 1058 879 1101 maris
910 1071 1110 1116 persaepe
1138 1057 1344 1100 sublatam
1376 1072 1465 1101 esse
1495 1072 1791 1100 commemora-

238 1127 395 1168 tionem
426 1141 558 1183 eoque
588 1127 722 1184 magis
754 1127 867 1183 quod
896 1142 921 1167 a
960 1127 1147 1184 prosaico
1189 1126 1352 1169 dicendi
1395 1140 1554 1183 genere
1594 1125 1793 1168 eiusmodi

239 1195 407 1252 ellipsis,
448 1195 584 1251 qualis
614 1196 693 1239 hoc
723 1196 814 1238 loco
845 1195 1066 1238 statuenda
1104 1202 1179 1248 est,
1226 1202 1287 1237 est
1326 1195 1473 1249 aliena,
1514 1210 1603 1238 eam
1648 1207 1794 1236 censeo

238 1277 327 1305 esse
357 1263 633 1306 retinendam.

849 1331 966 1389 Sept.
996 1347 1029 1373 c.
1059 1331 1192 1374 Theb.

876 1409 915 1440 v.
950 1399 1046 1442 78-
1067 1400 1157 1442 181.

351 1467 479 1511 Recte
509 1468 679 1525 quidem
706 1467 962 1513 Schmidtius
992 1468 1277 1511 dochmiacam
1308 1483 1543 1511 mensuram
1576 1469 1616 1509 in
1648 1468 1791 1521 altero,

238 1542 400 1592 quarto,
430 1536 576 1593 quinto
606 1537 752 1580 ordine
781 1538 965 1594 agnovit,
997 1552 1081 1579 non
1111 1545 1251 1579 tamen
1281 1537 1317 1579 ei
1349 1537 1550 1579 assentior
1579 1551 1791 1579 caesuram

237 1605 342 1646 falso
372 1605 463 1647 loco
492 1605 723 1648 collocanti.
762 1606 815 1648 In
846 1605 1022 1649 dimetro
1045 1605 1289 1649 dochmiaco
1310 1620 1480 1649 caesura
1497 1612 1591 1663 post
1611 1607 1788 1664 primurn

239 1673 480 1715 dochmium
509 1674 726 1717 statuenda
756 1682 829 1727 est,
860 1674 903 1716 in
934 1675 1120 1717 trimetro
1151 1674 1258 1717 duae
1288 1676 1428 1717 insunt
1451 1689 1658 1728 caesurae,
1690 1691 1789 1732 qua-

239 1757 334 1783 rum
366 1742 499 1785 altera
528 1750 622 1800 post
651 1743 845 1800 primum,
883 1744 1015 1785 altera
1051 1750 1145 1800 post
1183 1743 1409 1786 secundum
1452 1744 1691 1802 dochmium
1735 1751 1797 1786 est

241 1809 496 1853 collocanda.
555 1810 711 1854 Versus
741 1812 938 1868 strophae
967 1815 993 1868 β
1022 1811 1180 1869 primus
1209 1811 1243 1853 is
1273 1819 1347 1865 est,
1390 1818 1436 1854 ut
1477 1812 1530 1854 ad
1570 1812 1793 1854 iambicum

239 1894 458 1923 numerum
489 1880 685 1922 facillima
714 1895 841 1938 opera
870 1888 995 1938 queat
1025 1881 1275 1923 concinnari.
1330 1881 1380 1923 ln
1413 1882 1652 1925 universum
1682 1889 1795 1924 recte

240 1948 497 1991 Schmidtius
527 1956 659 1992 metra
690 1949 912 2003 constituit,
946 1949 1022 1992 nisi
1050 1950 1155 1993 forte
1185 1950 1226 1992 in
1257 1950 1439 1993 numeris
1457 1950 1794 1993 dochmiacorum

237 2032 434 2060 versuum
471 2018 570 2076 ipsis
603 2019 913 2071 concinnandis,
950 2034 1043 2060 cum
1075 2019 1323 2076 rhythmum
1354 2019 1533 2063 caesuris
1563 2019 1666 2061 falso
1704 2019 1795 2061 loco

238 2087 381 2144 positis
410 2095 582 2140 evertat,
626 2088 791 2130 erravit.
854 2088 978 2138 Quod
1006 2088 1115 2130 idem
1156 2088 1207 2130 de
1247 2088 1416 2129 alterius
1460 2088 1611 2129 chorici
1653 2089 1794 2129 metris

238 2163 374 2213 potest
415 2155 622 2210 contendi,
668 2156 738 2197 ubi
770 2170 990 2198 numerum
1022 2171 1220 2212 regnasse
1251 2155 1537 2198 dochmiacum
1569 2170 1691 2198 nemo
1734 2163 1795 2199 cst

240 2226 342 2280 quin
372 2225 609 2281 intelligere
638 2227 776 2281 queat.

863 2309 901 2334 v.
932 2291 1172 2334 417-630,

354 2363 509 2405 Versus
535 2362 732 2420 strophae
751 2363 787 2417 β’
811 2361 967 2418 primus
993 2360 1114 2403 facile
1140 2361 1317 2403 alcaicus
1333 2361 1706 2420 hendecasyllabus
1723 2363 1794 2419 qui

238 2432 401 2485 dicitur,
432 2438 567 2489 potest
597 2431 754 2473 haberi.
815 2429 898 2482 Qui
929 2444 1073 2472 versus
1104 2445 1155 2473 ex
1189 2432 1383 2488 strophae
1425 2432 1602 2474 alcaicae
1643 2433 1794 2474 forma-

238 2502 351 2543 tione
389 2500 613 2556 unicuique
653 2506 717 2541 est
755 2498 1012 2551 notissimus3
1059 2499 1216 2555 primus
1256 2499 1364 2542 enim
1406 2500 1599 2543 ordinum
1640 2507 1703 2542 est
1741 2500 1794 2541 ad

240 2567 455 2624 stropham
486 2566 841 2608 concinnatorum.

838 2631 953 2675 Pers.
987 2631 1198 2674 65-139.

240 2779 326 2822 πᾶς
356 2772 441 2827 γὰρ
474 2773 726 2822 ἱππηλάτας
755 2772 829 2812 καὶ
859 2771 1117 2824 πεδοστιβὴς
1146 2773 1258 2821 λεώς.
1320 2769 1574 2812 Schmidtius
1616 2772 1792 2812 trochai-

240 2855 334 2882 cum
373 2855 591 2884 numerum
633 2838 862 2892 constituit3
903 2838 1035 2880 multo
1075 2838 1219 2882 melius
1259 2839 1341 2881 duo
1381 2838 1519 2881 cretici
1557 2840 1793 2895 proferendi

239 2908 436 2950 videntur
465 2915 666 2965 sequente
694 2907 928 2967 tetrapodia
958 2907 1165 2949 trochaica
1195 2907 1444 2951 catalectica.
