2086 3375
977 234 1257 281 —30-

332 359 554 417 sena-rium,
580 370 625 407 ut
640 361 910 408 Hermannus
931 369 1103 423 τύχαις,
1125 369 1350 425 κρυφαίοις
1374 370 1583 413 πένθεσιν
1601 369 1888 426 παχνουμένη.

332 431 437 473 Tota
469 433 643 489 stropha
673 441 734 475 est
764 434 941 477 iambico
977 460 1023 466 —-—
1059 436 1282 481 trochaica.

444 501 635 559 Choeph.
668 503 763 546 327.
809 502 911 545 Mihi
943 504 1101 547 arridet
1120 505 1340 548 Schmidtii
1369 506 1572 548 sententia
1601 507 1760 549 ποινὰν
1789 507 1888 548 scri-

332 569 485 622 bentis3
530 569 671 612 existit
700 570 811 612 enim
840 571 1071 627 glyconeus
1102 573 1501 630 hypercatalecticus
1528 582 1569 617 et
1597 589 1690 616 cum
1720 575 1762 616 in
1793 575 1888 631 gly—

330 639 467 679 coneis
503 638 691 680 versibus
722 639 830 680 basis
860 640 1070 681 trochaica
1109 642 1174 694 sit,
1216 642 1349 683 rarius
1387 643 1622 699 spondaica,
1663 642 1741 684 nisi
1783 643 1888 684 ratio

331 705 508 748 habetur
540 705 715 760 Horatii,
750 706 819 748 ubi
850 722 1013 765 semper
1042 709 1266 766 spondaica
1298 717 1370 763 est,
1415 711 1590 753 iambica
1618 718 1771 764 tamen,
1810 710 1887 752 nisi

329 774 465 827 fallor,
494 789 578 815 non
608 775 856 826 inveniatur,
886 777 1096 818 reicienda
1125 777 1291 819 videtur
1318 779 1439 821 lectio
1469 778 1701 821 Hermanni
1730 782 1888 836 ῥοπάν.

443 841 635 899 Choeph.
668 843 762 886 346.
822 843 1080 886 Schmidtius
1112 860 1241 902 quum
1274 846 1462 889 ordinem
1492 849 1777 904 ἐπίστροφον
1808 850 1886 890 αἰῶ

329 910 488 961 κτίσας
519 911 562 952 in
593 910 777 953 medium
810 912 971 966 afferat,
1013 921 1124 956 recte
1152 915 1376 969 intellexit,
1413 916 1577 957 iambici
1607 915 1761 958 ordinis
1791 931 1887 957 cum

330 979 539 1023 trochaico
571 979 650 1022 hoc
679 980 770 1023 loco
800 981 1063 1024 statuendam
1088 998 1177 1026 esse
1198 984 1522 1037 concursionem,
1553 999 1676 1040 quam
1693 985 1888 1042 strophae

329 1048 489 1091 indoles
520 1049 687 1093 indicat.
742 1048 973 1093 Hermanni
1002 1051 1124 1095 lectio
1153 1054 1309 1104 κτίσας
1338 1054 1650 1108 ἐπιστρεπτὸν
1678 1056 1757 1095 αἰῶ
1786 1053 1886 1094 iam-

330 1118 464 1160 bicam
495 1110 674 1175 speciem
703 1133 804 1175 prae
832 1134 876 1162 se
906 1121 1042 1163 ferens
1071 1121 1279 1163 reicienda
1310 1129 1383 1164 est.

444 1187 495 1228 In
527 1189 800 1244 Ἐφυμνῆσαι
828 1189 997 1244 γένοιτό
1028 1207 1099 1244 μοι
1140 1193 1412 1245 ’πιακχοῦντ’
1452 1190 1695 1244 ὀλολυγμὸν
1733 1189 1887 1245 ἀνδρὸς

331 1263 442 1298 recte
487 1256 699 1298 intellexit
727 1255 982 1298 Schmidtius
1018 1256 1210 1298 ordinum
1252 1257 1583 1308 concursionem3
1621 1257 1735 1313 prior
1775 1256 1885 1298 enim

330 1339 473 1367 versus
512 1339 607 1382 pars
638 1330 699 1367 est
729 1323 904 1365 iambica
932 1324 1037 1366 thesi
1066 1331 1160 1381 post
1189 1326 1318 1380 ἐφυμ
1346 1339 1583 1382 suppressa,
1627 1325 1760 1367 altera
1789 1324 1885 1366 dac-

329 1393 797 1449 tylico—logaocdica.
846 1392 989 1447 Atque
1019 1392 1097 1433 hoc
1127 1392 1296 1448 quidem
1323 1391 1595 1435 Hermannus
1623 1393 1799 1435 sensisse
1827 1393 1887 1433 vi-

329 1461 463 1515 detur,
505 1475 599 1503 cum
636 1477 747 1503 ποτε
786 1460 1084 1517 significaverit
1114 1461 1308 1504 asterisco
1337 1468 1378 1504 et
1407 1462 1459 1503 ab
1489 1461 1633 1504 ordine
1663 1461 1886 1504 secreverit

331 1544 452 1573 voces
491 1531 716 1581 πευκήεντ’
759 1530 1003 1586 ὀλολυγμὸν
1034 1532 1203 1585 ἀνδρός.
1265 1529 1362 1583 Non
1397 1537 1537 1572 tamen
1576 1530 1617 1571 in
1656 1529 1884 1573 adnotatio-

330 1599 452 1640 nibus
483 1597 603 1640 metri
634 1597 762 1654 ipsius
792 1597 965 1655 protulit
992 1598 1254 1643 medicinam.

651 1665 859 1708 Versuum
891 1669 1061 1723 θρασεῖ’
1090 1668 1346 1710 ἀπέστασεν
1375 1670 1481 1724 ἄχος

892 1736 1000 1791 πρὸς
1030 1737 1084 1777 τὸ
1115 1735 1359 1789 φαίνεσθαι
1387 1736 1502 1776 καλά

329 1811 464 1846 metra
488 1818 513 1845 a
528 1802 762 1845 Schmidtio
789 1803 953 1859 prolata
978 1817 1027 1844 ea
1050 1809 1158 1855 sunt,
1188 1809 1235 1843 ut
1258 1803 1301 1843 in
1326 1802 1375 1843 iis
1397 1802 1655 1858 acquiescere
1673 1814 1886 1857 queamus.

330 1873 460 1915 Recte
491 1871 699 1914 intellexit
727 1871 792 1912 vir
822 1871 1094 1924 doctissimus,
1135 1871 1283 1927 prioris
1324 1886 1467 1913 versus
1508 1870 1682 1912 alteram
1721 1876 1883 1926 partem

330 1955 419 1983 esse
447 1939 681 1992 iambicam,
710 1939 885 1982 alteram
915 1939 1168 1981 trochaicam
1195 1946 1439 1995 textumque
1462 1937 1698 1981 emendavit
1716 1937 1884 1980 alterius

330 2025 425 2051 cum
456 2008 710 2050 trochaicum
736 2007 926 2049 ordinem
959 2010 1067 2063 πρὸς
1096 2011 1149 2049 τὸ
1179 2010 1420 2061 φαίνεσθαι
1448 2009 1563 2048 καλὰ
1592 2013 1803 2050 statueret.

443 2075 665 2118 Assentior
693 2074 928 2117 Schmidtio
965 2076 1009 2116 in
1038 2089 1231 2118 mensura
1261 2090 1404 2118 versus
1436 2083 1592 2118 πόνων·
1625 2073 1811 2131 μεγαίρω
1839 2074 1884 2114 δὲ

330 2146 528 2201 δυςφιλὲς
560 2147 796 2200 γαμήλευμ’
825 2145 1071 2199 ἀπεύχετον
1101 2145 1256 2199 δόμοις.
1298 2143 1416 2186 Ordo
1432 2158 1485 2185 ex
1513 2142 1673 2184 duabus
1697 2142 1883 2199 partibus

329 2217 392 2253 est
421 2209 685 2267 compositUS,
718 2223 896 2265 quarum
926 2209 1057 2251 altera
1081 2215 1240 2251 constat
1265 2224 1318 2251 ex
1344 2208 1511 2267 dipodia
1532 2211 1720 2264 iambica,
1751 2210 1883 2253 altera

328 2295 382 2323 cx
416 2277 647 2335 tetrapodia
678 2278 888 2319 trochaica
918 2278 1155 2320 catalectica
1186 2278 1247 2319 bis
1279 2279 1424 2335 posita.
1486 2279 1755 2322 Hermannus
1798 2287 1880 2321 tres

329 2348 496 2390 ordines
526 2346 712 2404 protulit,
743 2345 999 2389 Schmidtius
1031 2361 1099 2388 eos
1130 2346 1182 2387 ad
1212 2361 1338 2388 unum
1370 2347 1594 2392 coniunxit.

443 2414 663 2457 Eumenid.
697 2414 794 2457 321.
841 2414 1113 2456 Considerate
1135 2414 1388 2456 Schmidtius
1418 2431 1546 2456 unum
1577 2415 1788 2457 constituit
1814 2429 1879 2455 or-

328 2483 469 2527 dinem
497 2491 633 2539 μᾶτερ
663 2481 694 2522 o‘t'
723 2482 948 2538 μ’ἕτικτες,
981 2477 1010 2523 ὦ
1042 2489 1180 2536 μᾶτερ
1203 2483 1307 2532 Νύξ,
1338 2486 1518 2526 ἀλαοῖσι
1549 2482 1672 2526 valde
1701 2482 1880 2539 proban-

328 2551 441 2603 dum,
483 2550 596 2605 quod
627 2550 734 2592 duae
763 2563 875 2591 arses
907 2549 937 2591 ὦ
969 2555 1009 2590 et
1050 2555 1188 2604 μᾶτερ
1230 2557 1466 2606 congruunt
1504 2551 1880 2607 pherecrateusque

330 2618 605 2675 tetrapodiam
637 2617 889 2660 trochaicam
920 2616 1085 2673 excipit.

442 2685 601 2729 Eodem
645 2685 768 2728 modo
813 2684 949 2727 iudico
994 2684 1046 2727 de
1088 2698 1209 2726 versu
1249 2693 1415 2738 πτῶκα,
1456 2694 1656 2744 ματρῳόν
1691 2686 1880 2744 ἅγνισμα

328 2759 474 2811 κύριον
515 2757 679 2812 φόνους
720 2755 943 2797 dimetrum
974 2754 1171 2796 creticum
1198 2763 1362 2805 πτῶκα,
1391 2764 1594 2813 ματρῷον
1622 2754 1698 2812 ἆγΙ
1727 2756 1881 2812 excipit

328 2823 560 2881 tetrapodia
605 2823 813 2866 trochaica
865 2823 1115 2876 catalectica,
1155 2833 1195 2866 et
1239 2823 1290 2866 de
1331 2840 1453 2867 versu
1493 2827 1661 2881 δέσμιος
1701 2831 1878 2881 φρενῶν,

326 2893 596 2948 ἀφόρμικτος
634 2894 773 2936 αυόνὰ
803 2896 988 2949 βροτοῖς,
1029 2906 1154 2948 quem
1186 2891 1291 2934 duco
1323 2893 1596 2950 tetrapodiam
1627 2893 1878 2935 trochaicam
