2086 3358
860 247 1146 292 ...31-

222 376 284 421 bis
329 377 516 435 positam.
575 375 721 422 Unum
761 377 951 422 ordinem
991 392 1081 421 esse
1116 376 1374 420 afferendum
1422 375 1601 434 intelligi
1631 391 1778 421 censeo

224 446 377 489 debere
406 461 457 490 ex
488 447 599 490 vocis
628 448 894 505 ἀφόρμικτος
924 445 1206 491 collocatione.

337 516 560 562 Eumenid.
602 516 697 559 847.
768 515 946 559 Gaudeo
992 515 1104 572 quod
1156 514 1224 558 Jo.
1266 514 1473 558 Henricus
1522 514 1778 558 Schmidtius

224 584 521 639 dochmiacam‚
558 600 684 642 quam
720 584 916 642 strophae
953 591 1102 626 natura
1130 599 1230 641 prae
1260 599 1305 627 sc
1334 584 1427 638 fert,
1469 584 1651 626 indolem
1683 599 1778 627 ver-

225 668 344 695 suum
385 656 468 709 ἐμὲ
500 657 665 695 παθεῖν
698 654 808 696 τάδε
833 667 964 708 usque
994 652 1045 693 ad
1076 655 1198 694 δόλοι
1227 660 1339 695 recte
1368 654 1539 709 agnovit
1576 660 1776 709 systema-

223 727 349 777 taque
378 720 432 763 ex
463 720 579 763 trinis
606 721 792 764 versibus
822 720 1052 764 constantia
1082 720 1240 778 primus
1270 720 1490 763 constituit.

337 788 556 831 Eumenid.
608 789 729 831 1039.
795 788 936 831 Probo
983 788 1207 832 Schmidtii
1257 804 1493 832 mensuram
1553 791 1663 844 δεῦρ’
1709 790 1776 831 ἰ’τε

225 858 380 914 σιμναὶ
410 858 527 908 θεαί,
558 858 815 914 πυριδάπτῳ
845 856 1130 899 dochmiacam
1159 871 1395 901 mensuram
1425 858 1674 915 proferentis
1705 872 1776 899 an-

225 925 453 982 tistropbae
482 925 621 968 indole
648 925 890 983 flagitatam.
1476 917 1483 921 ⁹

338 993 454 1051 Sept.
484 994 579 1038 287.
639 993 919 1038 Schmidtium
957 994 1084 1037 laudo
1124 1010 1253 1051 quum
1298 995 1589 1052 aequalitatem
1634 1010 1777 1037 nume-

226 1079 366 1106 rorum
395 1062 588 1120 respiciat
608 1062 888 1120 iambicosque
915 1069 958 1106 et
985 1062 1140 1106 ionicos
1170 1063 1336 1107 ordines
1365 1064 1509 1122 fingat.

338 1132 453 1189 Sept.
484 1131 581 1176 548.
642 1131 759 1175 Bene
787 1131 1045 1175 Schmidtius
1072 1133 1237 1191 scripsit

340 1202 428 1256 γαῖ’
458 1202 568 1252 Ἀσὶς
605 1202 911 1258 ἐκκενουμένα,
952 1216 1046 1244 cum
1090 1202 1311 1245 iambicum
1354 1201 1540 1245 ordinem
1572 1208 1778 1244 statueret

226 1269 371 1312 ceteris
400 1270 595 1326 strophae
625 1270 811 1312 versibus
839 1277 1152 1327 congruentem.

338 1337 453 1382 Pers.
495 1337 589 1383 946.
649 1337 906 1382 Schmidtius
948 1339 1054 1382 bene
1094 1338 1302 1382 intellexit
1346 1338 1652 1395 anapaesticum
1700 1353 1775 1380 nu-

225 1422 385 1449 merum
425 1407 503 1448 hoc
531 1407 621 1449 loco
651 1421 740 1450 esse
768 1407 1032 1465 statuendum
1063 1408 1345 1464 ναόφαρκτος
1377 1403 1500 1463 Ἀρης
1530 1409 1773 1463 ἑτεραλκής.

335 1474 475 1519 Prom.
508 1475 603 1518 598.
663 1474 874 1519 Lacunam
903 1483 997 1533 post
1023 1476 1221 1533 κέντροις
1251 1476 1506 1520 Schmidtius
1543 1476 1674 1532 probe
1703 1491 1775 1517 ex-

227 1544 356 1602 plevit
385 1559 479 1586 cum
508 1544 707 1587 scriberet
735 1545 804 1587 ἀεὶ
832 1552 965 1588 metro
995 1552 1038 1587 et
1066 1560 1188 1588 sensu
1217 1545 1464 1601 postulante.
