<?xml version="1.0" encoding="UTF-8"?>
<!DOCTYPE html PUBLIC "-//W3C//DTD XHTML 1.0 Transitional//EN"
    "http://www.w3.org/TR/xhtml1/DTD/xhtml1-transitional.dtd">
<html xmlns="http://www.w3.org/1999/xhtml" xml:lang="en" lang="en">
 <head>
  <title>
</title>
<meta http-equiv="Content-Type" content="text/html;charset=utf-8" />
  <meta name='ocr-system' content='tesseract 3.04.00' />
  <meta name='ocr-capabilities' content='ocr_page ocr_carea ocr_par ocr_line ocrx_word'/>
</head>
<body>
  <div class='ocr_page' id='page_1' title='image "./4630380_0023.png"; bbox 0 0 2086 3358; ppageno 0'>
   <div class='ocr_carea' id='block_1_1' title="bbox 835 582 1174 630">
    <p class='ocr_par' dir='ltr' id='par_1_1' title="bbox 835 582 1174 630">
     <span class='ocr_line' id='line_1_1' title="bbox 835 582 1174 630; baseline 0 -1"><span class='ocrx_word' id='word_1_1' title='bbox 835 582 1027 629; x_wconf 68' lang='lat' dir='ltr'>Paro</span> <span class='ocrx_word' id='word_1_2' title='bbox 1057 583 1174 630; x_wconf 85' lang='lat'>11.</span> 
     </span>
    </p>
   </div>
   <div class='ocr_carea' id='block_1_2' title="bbox 712 722 1299 816">
    <p class='ocr_par' dir='ltr' id='par_1_2' title="bbox 712 722 1299 816">
     <span class='ocr_line' id='line_1_2' title="bbox 712 722 1299 816; baseline 0.002 -13"><span class='ocrx_word' id='word_1_3' title='bbox 712 723 988 815; x_wconf 74' lang='lat' dir='ltr'>Quaestinnes</span> <span class='ocrx_word' id='word_1_4' title='bbox 1021 722 1299 816; x_wconf 70' lang='lat' dir='ltr'>Aeschyleae.</span> 
     </span>
    </p>
   </div>
   <div class='ocr_carea' id='block_1_3' title="bbox 226 850 1839 2546">
    <p class='ocr_par' dir='ltr' id='par_1_3' title="bbox 228 850 1780 1043">
     <span class='ocr_line' id='line_1_3' title="bbox 342 850 1780 908; baseline 0 -15"><span class='ocrx_word' id='word_1_5' title='bbox 342 852 640 893; x_wconf 86' lang='lat' dir='ltr'>Demonstrare</span> <span class='ocrx_word' id='word_1_6' title='bbox 671 853 748 893; x_wconf 88' lang='lat' dir='ltr'>hoc</span> <span class='ocrx_word' id='word_1_7' title='bbox 776 850 974 908; x_wconf 90' lang='lat' dir='ltr'>opusculo</span> <span class='ocrx_word' id='word_1_8' title='bbox 1003 858 1171 892; x_wconf 87' lang='lat' dir='ltr'>senatus</span> <span class='ocrx_word' id='word_1_9' title='bbox 1200 867 1305 904; x_wconf 88' lang='lat' dir='ltr'>sum,</span> <span class='ocrx_word' id='word_1_10' title='bbox 1345 852 1444 907; x_wconf 87' lang='lat' dir='ltr'>quid</span> <span class='ocrx_word' id='word_1_11' title='bbox 1478 852 1780 908; x_wconf 72' lang='lat' dir='ltr'>disquisitiones</span> 
     </span>
     <span class='ocr_line' id='line_1_4' title="bbox 229 918 1779 977; baseline 0.001 -17"><span class='ocrx_word' id='word_1_12' title='bbox 229 934 412 976; x_wconf 84' lang='lat' dir='ltr'>nuperae</span> <span class='ocrx_word' id='word_1_13' title='bbox 450 920 517 963; x_wconf 82' lang='lat' dir='ltr'>Jo.</span> <span class='ocrx_word' id='word_1_14' title='bbox 562 920 733 962; x_wconf 89' lang='lat' dir='ltr'>Henrici</span> <span class='ocrx_word' id='word_1_15' title='bbox 772 918 994 962; x_wconf 83' lang='lat' dir='ltr'>Schmidtii</span> <span class='ocrx_word' id='word_1_16' title='bbox 1033 919 1086 960; x_wconf 91' lang='lat' dir='ltr'>ad</span> <span class='ocrx_word' id='word_1_17' title='bbox 1127 926 1258 961; x_wconf 86' lang='lat' dir='ltr'>metra</span> <span class='ocrx_word' id='word_1_18' title='bbox 1298 920 1550 962; x_wconf 84' lang='lat' dir='ltr'>canticorum</span> <span class='ocrx_word' id='word_1_19' title='bbox 1593 921 1779 977; x_wconf 67' lang='lat' dir='ltr'>Aeschy-</span> 
     </span>
     <span class='ocr_line' id='line_1_5' title="bbox 228 985 1179 1043; baseline 0 -14"><span class='ocrx_word' id='word_1_20' title='bbox 228 987 389 1029; x_wconf 90' lang='lat' dir='ltr'>lcorum</span> <span class='ocrx_word' id='word_1_21' title='bbox 419 988 566 1029; x_wconf 87' lang='lat' dir='ltr'>melius</span> <span class='ocrx_word' id='word_1_22' title='bbox 597 985 887 1043; x_wconf 86' lang='lat' dir='ltr'>cognoscenda</span> <span class='ocrx_word' id='word_1_23' title='bbox 916 986 1179 1030; x_wconf 81' lang='lat' dir='ltr'>contulerint.</span> 
     </span>
    </p>

    <p class='ocr_par' dir='ltr' id='par_1_4' title="bbox 768 1054 1227 1112">
     <span class='ocr_line' id='line_1_6' title="bbox 768 1054 1227 1112; baseline 0.007 -16"><span class='ocrx_word' id='word_1_24' title='bbox 768 1056 920 1112; x_wconf 83' lang='lat' dir='ltr'>Agam.</span> <span class='ocrx_word' id='word_1_25' title='bbox 957 1054 1227 1100; x_wconf 74' lang='lat'>975-105-34.</span> 
     </span>
    </p>

    <p class='ocr_par' dir='ltr' id='par_1_5' title="bbox 226 1124 1839 2546">
     <span class='ocr_line' id='line_1_7' title="bbox 344 1124 1780 1181; baseline 0.002 -17"><span class='ocrx_word' id='word_1_26' title='bbox 344 1125 395 1165; x_wconf 91' lang='lat' dir='ltr'>In</span> <span class='ocrx_word' id='word_1_27' title='bbox 425 1124 722 1177; x_wconf 83' lang='lat' dir='ltr'>dissertatione,</span> <span class='ocrx_word' id='word_1_28' title='bbox 755 1140 837 1180; x_wconf 87' lang='lat' dir='ltr'>qua</span> <span class='ocrx_word' id='word_1_29' title='bbox 853 1125 1114 1179; x_wconf 84' lang='lat' dir='ltr'>quaestiones</span> <span class='ocrx_word' id='word_1_30' title='bbox 1131 1126 1325 1167; x_wconf 78' lang='lat' dir='ltr'>metricae</span> <span class='ocrx_word' id='word_1_31' title='bbox 1341 1132 1582 1178; x_wconf 87' lang='lat' dir='ltr'>tractantur,</span> <span class='ocrx_word' id='word_1_32' title='bbox 1609 1125 1780 1181; x_wconf 74' lang='lat' dir='ltr'>Magdo—</span> 
     </span>
     <span class='ocr_line' id='line_1_8' title="bbox 230 1186 1781 1251; baseline 0.001 -17"><span class='ocrx_word' id='word_1_33' title='bbox 230 1194 353 1250; x_wconf 85' lang='lat' dir='ltr'>burgi</span> <span class='ocrx_word' id='word_1_34' title='bbox 393 1208 502 1235; x_wconf 86' lang='lat' dir='ltr'>anno</span> <span class='ocrx_word' id='word_1_35' title='bbox 548 1193 653 1235; x_wconf 81' lang='lat'>1871</span> <span class='ocrx_word' id='word_1_36' title='bbox 696 1186 849 1249; x_wconf 89' lang='lat' dir='ltr'>scripta</span> <span class='ocrx_word' id='word_1_37' title='bbox 886 1199 928 1235; x_wconf 88' lang='lat' dir='ltr'>et</span> <span class='ocrx_word' id='word_1_38' title='bbox 970 1193 1079 1235; x_wconf 82' lang='lat'>1873</span> <span class='ocrx_word' id='word_1_39' title='bbox 1121 1193 1230 1236; x_wconf 88' lang='lat' dir='ltr'>edita</span> <span class='ocrx_word' id='word_1_40' title='bbox 1273 1194 1436 1251; x_wconf 87' lang='lat' dir='ltr'>saepius</span> <span class='ocrx_word' id='word_1_41' title='bbox 1482 1193 1668 1251; x_wconf 85' lang='lat' dir='ltr'>repetivi,</span> <span class='ocrx_word' id='word_1_42' title='bbox 1714 1209 1781 1235; x_wconf 90' lang='lat' dir='ltr'>me</span> 
     </span>
     <span class='ocr_line' id='line_1_9' title="bbox 229 1261 1779 1318; baseline 0 -16"><span class='ocrx_word' id='word_1_43' title='bbox 229 1277 375 1318; x_wconf 85' lang='lat' dir='ltr'>pausas</span> <span class='ocrx_word' id='word_1_44' title='bbox 406 1269 489 1302; x_wconf 89' lang='lat' dir='ltr'>tam</span> <span class='ocrx_word' id='word_1_45' title='bbox 521 1269 724 1312; x_wconf 81' lang='lat' dir='ltr'>extensas,</span> <span class='ocrx_word' id='word_1_46' title='bbox 756 1261 898 1316; x_wconf 88' lang='lat' dir='ltr'>quales</span> <span class='ocrx_word' id='word_1_47' title='bbox 928 1261 1137 1302; x_wconf 89' lang='lat' dir='ltr'>constituit</span> <span class='ocrx_word' id='word_1_48' title='bbox 1158 1261 1365 1303; x_wconf 90' lang='lat' dir='ltr'>Henricus</span> <span class='ocrx_word' id='word_1_49' title='bbox 1390 1262 1657 1313; x_wconf 83' lang='lat' dir='ltr'>Sehmidtius,</span> <span class='ocrx_word' id='word_1_50' title='bbox 1686 1278 1779 1318; x_wconf 93' lang='lat' dir='ltr'>pro-</span> 
     </span>
     <span class='ocr_line' id='line_1_10' title="bbox 229 1329 1778 1383; baseline 0 -14"><span class='ocrx_word' id='word_1_51' title='bbox 229 1330 338 1371; x_wconf 89' lang='lat' dir='ltr'>ferre</span> <span class='ocrx_word' id='word_1_52' title='bbox 369 1344 451 1370; x_wconf 87' lang='lat' dir='ltr'>non</span> <span class='ocrx_word' id='word_1_53' title='bbox 481 1329 646 1370; x_wconf 85' lang='lat' dir='ltr'>audere.</span> <span class='ocrx_word' id='word_1_54' title='bbox 709 1329 880 1380; x_wconf 82' lang='lat' dir='ltr'>Vereor,</span> <span class='ocrx_word' id='word_1_55' title='bbox 914 1343 966 1370; x_wconf 89' lang='lat' dir='ltr'>ne</span> <span class='ocrx_word' id='word_1_56' title='bbox 996 1329 1161 1369; x_wconf 83' lang='lat' dir='ltr'>ordines</span> <span class='ocrx_word' id='word_1_57' title='bbox 1190 1329 1326 1370; x_wconf 84' lang='grc' dir='ltr'><strong><em>τίπτε</em></strong></span> <span class='ocrx_word' id='word_1_58' title='bbox 1358 1346 1431 1383; x_wconf 85' lang='grc' dir='ltr'>μοι</span> <span class='ocrx_word' id='word_1_59' title='bbox 1460 1331 1556 1370; x_wconf 84' lang='grc' dir='ltr'><strong><em>τόδ’</em></strong></span> <span class='ocrx_word' id='word_1_60' title='bbox 1589 1330 1778 1383; x_wconf 71' lang='grc' dir='ltr'><strong><em>ἔμπεδον</em></strong></span> 
     </span>
     <span class='ocr_line' id='line_1_11' title="bbox 227 1397 1779 1454; baseline -0.001 -15"><span class='ocrx_word' id='word_1_61' title='bbox 227 1401 355 1453; x_wconf 81' lang='grc' dir='ltr'><strong><em>δεῖμα</em></strong></span> <span class='ocrx_word' id='word_1_62' title='bbox 386 1400 709 1454; x_wconf 78' lang='grc' dir='ltr'><strong><em>προστατήριον</em></strong></span> <span class='ocrx_word' id='word_1_63' title='bbox 742 1397 937 1452; x_wconf 87' lang='lat' dir='ltr'>coniungi</span> <span class='ocrx_word' id='word_1_64' title='bbox 968 1403 1133 1453; x_wconf 81' lang='lat' dir='ltr'>queant,</span> <span class='ocrx_word' id='word_1_65' title='bbox 1164 1411 1257 1439; x_wconf 90' lang='lat' dir='ltr'>cum</span> <span class='ocrx_word' id='word_1_66' title='bbox 1288 1397 1534 1454; x_wconf 85' lang='lat' dir='ltr'>rhythmum</span> <span class='ocrx_word' id='word_1_67' title='bbox 1560 1397 1669 1438; x_wconf 85' lang='lat' dir='ltr'>finiri</span> <span class='ocrx_word' id='word_1_68' title='bbox 1686 1407 1779 1454; x_wconf 83' lang='lat' dir='ltr'>post</span> 
     </span>
     <span class='ocr_line' id='line_1_12' title="bbox 230 1464 1779 1521; baseline -0.003 -14"><span class='ocrx_word' id='word_1_69' title='bbox 230 1465 413 1521; x_wconf 65' lang='grc' dir='ltr'><strong><em>ἔμπεδον</em></strong></span> <span class='ocrx_word' id='word_1_70' title='bbox 432 1479 485 1506; x_wconf 84' lang='lat' dir='ltr'>ex</span> <span class='ocrx_word' id='word_1_71' title='bbox 511 1479 638 1521; x_wconf 87' lang='lat' dir='ltr'>pausa</span> <span class='ocrx_word' id='word_1_72' title='bbox 657 1465 812 1520; x_wconf 79' lang='lat' dir='ltr'>absque</span> <span class='ocrx_word' id='word_1_73' title='bbox 829 1464 955 1505; x_wconf 89' lang='lat' dir='ltr'>dubio</span> <span class='ocrx_word' id='word_1_74' title='bbox 974 1471 1185 1521; x_wconf 84' lang='lat' dir='ltr'>appareat.</span> <span class='ocrx_word' id='word_1_75' title='bbox 1230 1464 1362 1505; x_wconf 91' lang='lat' dir='ltr'>Porro</span> <span class='ocrx_word' id='word_1_76' title='bbox 1382 1465 1548 1505; x_wconf 85' lang='lat' dir='ltr'>ordines</span> <span class='ocrx_word' id='word_1_77' title='bbox 1571 1465 1779 1515; x_wconf 86' lang='lat' dir='ltr'>trochaici,</span> 
     </span>
     <span class='ocr_line' id='line_1_13' title="bbox 227 1533 1778 1588; baseline 0.001 -15"><span class='ocrx_word' id='word_1_78' title='bbox 227 1535 404 1584; x_wconf 87' lang='lat' dir='ltr'>iambici,</span> <span class='ocrx_word' id='word_1_79' title='bbox 434 1534 683 1588; x_wconf 86' lang='lat' dir='ltr'>anapaestici</span> <span class='ocrx_word' id='word_1_80' title='bbox 710 1548 793 1573; x_wconf 92' lang='lat' dir='ltr'>uno</span> <span class='ocrx_word' id='word_1_81' title='bbox 824 1533 941 1587; x_wconf 87' lang='lat' dir='ltr'>quasi</span> <span class='ocrx_word' id='word_1_82' title='bbox 971 1540 1115 1574; x_wconf 89' lang='lat' dir='ltr'>tenore</span> <span class='ocrx_word' id='word_1_83' title='bbox 1143 1533 1364 1574; x_wconf 86' lang='lat' dir='ltr'>decurrere</span> <span class='ocrx_word' id='word_1_84' title='bbox 1393 1548 1486 1574; x_wconf 91' lang='lat' dir='ltr'>cum</span> <span class='ocrx_word' id='word_1_85' title='bbox 1517 1533 1687 1583; x_wconf 85' lang='lat' dir='ltr'>soleant,</span> <span class='ocrx_word' id='word_1_86' title='bbox 1719 1533 1778 1574; x_wconf 87' lang='lat' dir='ltr'>di-</span> 
     </span>
     <span class='ocr_line' id='line_1_14' title="bbox 228 1600 1780 1659; baseline -0.001 -15"><span class='ocrx_word' id='word_1_87' title='bbox 228 1602 376 1659; x_wconf 89' lang='lat' dir='ltr'>podica</span> <span class='ocrx_word' id='word_1_88' title='bbox 403 1616 598 1644; x_wconf 89' lang='lat' dir='ltr'>mensura</span> <span class='ocrx_word' id='word_1_89' title='bbox 628 1601 670 1642; x_wconf 91' lang='lat' dir='ltr'>in</span> <span class='ocrx_word' id='word_1_90' title='bbox 701 1601 749 1643; x_wconf 90' lang='lat' dir='ltr'>iis</span> <span class='ocrx_word' id='word_1_91' title='bbox 780 1607 983 1643; x_wconf 84' lang='lat' dir='ltr'>statuatur</span> <span class='ocrx_word' id='word_1_92' title='bbox 1014 1616 1181 1644; x_wconf 90' lang='lat' dir='ltr'>necesse</span> <span class='ocrx_word' id='word_1_93' title='bbox 1204 1607 1277 1644; x_wconf 20' lang='lat' dir='ltr'>est*</span> <span class='ocrx_word' id='word_1_94' title='bbox 1311 1600 1488 1658; x_wconf 77' lang='grc' dir='ltr'><strong>καρδίας</strong></span> <span class='ocrx_word' id='word_1_95' title='bbox 1507 1601 1780 1657; x_wconf 78' lang='grc' dir='ltr'><strong><em>τερασκόπου</em></strong></span> 
     </span>
     <span class='ocr_line' id='line_1_15' title="bbox 227 1668 1778 1727; baseline -0.001 -16"><span class='ocrx_word' id='word_1_96' title='bbox 227 1677 428 1713; x_wconf 76' lang='grc' dir='ltr'><strong><em>ποτᾶται</em></strong></span> <span class='ocrx_word' id='word_1_97' title='bbox 465 1697 493 1700; x_wconf 65' lang='lat'>—</span> <span class='ocrx_word' id='word_1_98' title='bbox 515 1706 549 1718; x_wconf 43' lang='grc' dir='ltr'>ψ</span> <span class='ocrx_word' id='word_1_99' title='bbox 574 1697 601 1700; x_wconf 86' lang='grc'>-</span> <span class='ocrx_word' id='word_1_100' title='bbox 627 1705 661 1717; x_wconf 42' lang='grc' dir='ltr'><strong><em>υ</em></strong></span> <span class='ocrx_word' id='word_1_101' title='bbox 684 1695 714 1700; x_wconf 82' lang='grc'><strong><em>-</em></strong></span> <span class='ocrx_word' id='word_1_102' title='bbox 738 1706 771 1718; x_wconf 42' lang='grc' dir='ltr'>ψ</span> <span class='ocrx_word' id='word_1_103' title='bbox 799 1695 818 1699; x_wconf 74' lang='lat'><em>-</em></span> <span class='ocrx_word' id='word_1_104' title='bbox 846 1704 881 1717; x_wconf 42' lang='lat' dir='ltr'>„d</span> <span class='ocrx_word' id='word_1_105' title='bbox 900 1671 915 1720; x_wconf 82' lang='lat' dir='ltr'>l</span> <span class='ocrx_word' id='word_1_106' title='bbox 935 1691 986 1723; x_wconf 28' lang='grc' dir='ltr'>ι’]</span> <span class='ocrx_word' id='word_1_107' title='bbox 1003 1671 1020 1719; x_wconf 81' lang='lat' dir='ltr'>l</span> <span class='ocrx_word' id='word_1_108' title='bbox 1039 1695 1074 1699; x_wconf 92' lang='lat'>-—</span> <span class='ocrx_word' id='word_1_109' title='bbox 1103 1672 1143 1727; x_wconf 87' lang='grc' dir='ltr'>Λ</span> <span class='ocrx_word' id='word_1_110' title='bbox 1169 1677 1280 1712; x_wconf 85' lang='lat' dir='ltr'>recte</span> <span class='ocrx_word' id='word_1_111' title='bbox 1296 1670 1464 1711; x_wconf 87' lang='lat' dir='ltr'>metitur</span> <span class='ocrx_word' id='word_1_112' title='bbox 1481 1669 1549 1712; x_wconf 81' lang='lat' dir='ltr'>Jo.</span> <span class='ocrx_word' id='word_1_113' title='bbox 1570 1668 1778 1711; x_wconf 91' lang='lat' dir='ltr'>Henricus</span> 
     </span>
     <span class='ocr_line' id='line_1_16' title="bbox 228 1739 1780 1795; baseline -0.001 -14"><span class='ocrx_word' id='word_1_114' title='bbox 228 1740 503 1792; x_wconf 81' lang='lat' dir='ltr'>Schmidtius3</span> <span class='ocrx_word' id='word_1_115' title='bbox 536 1756 619 1781; x_wconf 90' lang='lat' dir='ltr'>non</span> <span class='ocrx_word' id='word_1_116' title='bbox 650 1747 762 1795; x_wconf 89' lang='lat' dir='ltr'>puto,</span> <span class='ocrx_word' id='word_1_117' title='bbox 794 1740 933 1794; x_wconf 84' lang='lat' dir='ltr'>legem</span> <span class='ocrx_word' id='word_1_118' title='bbox 964 1755 987 1779; x_wconf 91' lang='lat' dir='ltr'>a</span> <span class='ocrx_word' id='word_1_119' title='bbox 1016 1753 1083 1780; x_wconf 91' lang='lat' dir='ltr'>me</span> <span class='ocrx_word' id='word_1_120' title='bbox 1112 1739 1238 1781; x_wconf 90' lang='lat' dir='ltr'>modo</span> <span class='ocrx_word' id='word_1_121' title='bbox 1269 1739 1528 1780; x_wconf 84' lang='lat' dir='ltr'>constitutam</span> <span class='ocrx_word' id='word_1_122' title='bbox 1564 1739 1641 1779; x_wconf 89' lang='lat' dir='ltr'>hac</span> <span class='ocrx_word' id='word_1_123' title='bbox 1665 1754 1780 1780; x_wconf 87' lang='lat' dir='ltr'>men-</span> 
     </span>
     <span class='ocr_line' id='line_1_17' title="bbox 227 1806 1780 1865; baseline 0 -18"><span class='ocrx_word' id='word_1_124' title='bbox 227 1822 323 1848; x_wconf 90' lang='lat' dir='ltr'>sura</span> <span class='ocrx_word' id='word_1_125' title='bbox 353 1808 538 1864; x_wconf 81' lang='lat' dir='ltr'>migrari,</span> <span class='ocrx_word' id='word_1_126' title='bbox 579 1823 709 1864; x_wconf 90' lang='lat' dir='ltr'>quum</span> <span class='ocrx_word' id='word_1_127' title='bbox 738 1822 887 1864; x_wconf 91' lang='lat' dir='ltr'>pausas</span> <span class='ocrx_word' id='word_1_128' title='bbox 918 1807 960 1848; x_wconf 91' lang='lat' dir='ltr'>in</span> <span class='ocrx_word' id='word_1_129' title='bbox 993 1807 1177 1848; x_wconf 87' lang='lat' dir='ltr'>clausula</span> <span class='ocrx_word' id='word_1_130' title='bbox 1217 1806 1416 1849; x_wconf 88' lang='lat' dir='ltr'>eiusmodi</span> <span class='ocrx_word' id='word_1_131' title='bbox 1460 1821 1669 1859; x_wconf 85' lang='lat' dir='ltr'>versuum,</span> <span class='ocrx_word' id='word_1_132' title='bbox 1710 1807 1780 1865; x_wconf 84' lang='lat' dir='ltr'>ubi</span> 
     </span>
     <span class='ocr_line' id='line_1_18' title="bbox 226 1874 1780 1933; baseline -0.001 -17"><span class='ocrx_word' id='word_1_133' title='bbox 226 1874 469 1918; x_wconf 90' lang='lat' dir='ltr'>diminuitur</span> <span class='ocrx_word' id='word_1_134' title='bbox 497 1876 692 1918; x_wconf 88' lang='lat' dir='ltr'>orationis</span> <span class='ocrx_word' id='word_1_135' title='bbox 721 1875 985 1933; x_wconf 87' lang='lat' dir='ltr'>praestantia,</span> <span class='ocrx_word' id='word_1_136' title='bbox 1016 1874 1300 1931; x_wconf 86' lang='lat' dir='ltr'>agnoscendas</span> <span class='ocrx_word' id='word_1_137' title='bbox 1318 1890 1405 1917; x_wconf 89' lang='lat' dir='ltr'>esse</span> <span class='ocrx_word' id='word_1_138' title='bbox 1421 1875 1780 1931; x_wconf 85' lang='lat' dir='ltr'>mihipersuasum</span> 
     </span>
     <span class='ocr_line' id='line_1_19' title="bbox 228 1944 1780 1999; baseline 0 -15"><span class='ocrx_word' id='word_1_139' title='bbox 228 1945 290 1986; x_wconf 88' lang='lat' dir='ltr'>sit.</span> <span class='ocrx_word' id='word_1_140' title='bbox 352 1944 529 1985; x_wconf 88' lang='lat' dir='ltr'>Prorsus</span> <span class='ocrx_word' id='word_1_141' title='bbox 566 1946 739 1986; x_wconf 89' lang='lat' dir='ltr'>eandem</span> <span class='ocrx_word' id='word_1_142' title='bbox 788 1945 989 1986; x_wconf 86' lang='lat' dir='ltr'>rationem</span> <span class='ocrx_word' id='word_1_143' title='bbox 1034 1945 1077 1985; x_wconf 91' lang='lat' dir='ltr'>in</span> <span class='ocrx_word' id='word_1_144' title='bbox 1120 1952 1319 1999; x_wconf 89' lang='lat' dir='ltr'>sequente</span> <span class='ocrx_word' id='word_1_145' title='bbox 1362 1959 1485 1985; x_wconf 77' lang='lat' dir='ltr'>versu</span> <span class='ocrx_word' id='word_1_146' title='bbox 1531 1944 1780 1985; x_wconf 89' lang='lat' dir='ltr'>diudicando</span> 
     </span>
     <span class='ocr_line' id='line_1_20' title="bbox 228 2011 1779 2069; baseline 0.001 -17"><span class='ocrx_word' id='word_1_147' title='bbox 228 2012 329 2053; x_wconf 86' lang='lat' dir='ltr'>mihi</span> <span class='ocrx_word' id='word_1_148' title='bbox 358 2013 674 2068; x_wconf 86' lang='lat' dir='ltr'>ingrediendam</span> <span class='ocrx_word' id='word_1_149' title='bbox 705 2028 793 2055; x_wconf 89' lang='lat' dir='ltr'>esse</span> <span class='ocrx_word' id='word_1_150' title='bbox 823 2019 995 2064; x_wconf 87' lang='lat' dir='ltr'>constat,</span> <span class='ocrx_word' id='word_1_151' title='bbox 1025 2028 1118 2054; x_wconf 90' lang='lat' dir='ltr'>cum</span> <span class='ocrx_word' id='word_1_152' title='bbox 1148 2027 1300 2069; x_wconf 88' lang='lat' dir='ltr'>pausae</span> <span class='ocrx_word' id='word_1_153' title='bbox 1331 2012 1372 2052; x_wconf 91' lang='lat' dir='ltr'>in</span> <span class='ocrx_word' id='word_1_154' title='bbox 1402 2011 1486 2054; x_wconf 91' lang='lat' dir='ltr'>fine</span> <span class='ocrx_word' id='word_1_155' title='bbox 1523 2011 1677 2053; x_wconf 85' lang='lat' dir='ltr'>ordinis</span> <span class='ocrx_word' id='word_1_156' title='bbox 1710 2012 1779 2054; x_wconf 82' lang='lat' dir='ltr'>da-</span> 
     </span>
     <span class='ocr_line' id='line_1_21' title="bbox 227 2079 1778 2137; baseline 0.001 -17"><span class='ocrx_word' id='word_1_157' title='bbox 227 2079 366 2136; x_wconf 86' lang='lat' dir='ltr'>ctylici</span> <span class='ocrx_word' id='word_1_158' title='bbox 398 2080 631 2137; x_wconf 85' lang='lat' dir='ltr'>propositae</span> <span class='ocrx_word' id='word_1_159' title='bbox 665 2080 767 2122; x_wconf 85' lang='lat' dir='ltr'>mihi</span> <span class='ocrx_word' id='word_1_160' title='bbox 804 2079 1028 2124; x_wconf 87' lang='lat' dir='ltr'>arrideant.</span> <span class='ocrx_word' id='word_1_161' title='bbox 1089 2079 1213 2131; x_wconf 79' lang='lat' dir='ltr'>Quod</span> <span class='ocrx_word' id='word_1_162' title='bbox 1256 2086 1399 2121; x_wconf 86' lang='lat' dir='ltr'>contra</span> <span class='ocrx_word' id='word_1_163' title='bbox 1428 2081 1611 2137; x_wconf 86' lang='lat' dir='ltr'>priorem</span> <span class='ocrx_word' id='word_1_164' title='bbox 1642 2095 1778 2123; x_wconf 87' lang='lat' dir='ltr'>meam</span> 
     </span>
     <span class='ocr_line' id='line_1_22' title="bbox 226 2148 1780 2198; baseline 0.002 -11"><span class='ocrx_word' id='word_1_165' title='bbox 226 2151 473 2189; x_wconf 87' lang='lat' dir='ltr'>sententiam</span> <span class='ocrx_word' id='word_1_166' title='bbox 503 2150 684 2190; x_wconf 87' lang='lat' dir='ltr'>retinens</span> <span class='ocrx_word' id='word_1_167' title='bbox 713 2164 796 2189; x_wconf 92' lang='lat' dir='ltr'>non</span> <span class='ocrx_word' id='word_1_168' title='bbox 825 2164 955 2189; x_wconf 91' lang='lat' dir='ltr'>unum</span> <span class='ocrx_word' id='word_1_169' title='bbox 984 2148 1172 2190; x_wconf 83' lang='lat' dir='ltr'>ordinem</span> <span class='ocrx_word' id='word_1_170' title='bbox 1212 2150 1303 2189; x_wconf 79' lang='grc' dir='ltr'><strong><em>οὐδ’</em></strong></span> <span class='ocrx_word' id='word_1_171' title='bbox 1345 2151 1610 2198; x_wconf 82' lang='grc' dir='ltr'><strong><em>ἀποπτύσας</em></strong></span> <span class='ocrx_word' id='word_1_172' title='bbox 1653 2151 1780 2191; x_wconf 77' lang='grc' dir='ltr'><strong><em>δίκαν</em></strong></span> 
     </span>
     <span class='ocr_line' id='line_1_23' title="bbox 228 2215 1779 2273; baseline 0.001 -18"><span class='ocrx_word' id='word_1_173' title='bbox 228 2217 470 2272; x_wconf 80' lang='grc' dir='ltr'><strong><em>δυσκρίτων</em></strong></span> <span class='ocrx_word' id='word_1_174' title='bbox 493 2218 729 2273; x_wconf 82' lang='grc' dir='ltr'><strong><em>ὀνειράτων</em></strong></span> <span class='ocrx_word' id='word_1_175' title='bbox 752 2216 1016 2258; x_wconf 89' lang='lat' dir='ltr'>coniunctum</span> <span class='ocrx_word' id='word_1_176' title='bbox 1036 2222 1218 2258; x_wconf 88' lang='lat' dir='ltr'>statuere</span> <span class='ocrx_word' id='word_1_177' title='bbox 1238 2230 1378 2269; x_wconf 89' lang='lat' dir='ltr'>conor,</span> <span class='ocrx_word' id='word_1_178' title='bbox 1407 2215 1476 2257; x_wconf 90' lang='lat' dir='ltr'>sed</span> <span class='ocrx_word' id='word_1_179' title='bbox 1501 2216 1606 2258; x_wconf 81' lang='lat' dir='ltr'>bene</span> <span class='ocrx_word' id='word_1_180' title='bbox 1622 2222 1779 2268; x_wconf 85' lang='lat' dir='ltr'>tenens,</span> 
     </span>
     <span class='ocr_line' id='line_1_24' title="bbox 226 2283 1781 2340; baseline 0.001 -16"><span class='ocrx_word' id='word_1_181' title='bbox 226 2298 355 2340; x_wconf 87' lang='lat' dir='ltr'>pausa</span> <span class='ocrx_word' id='word_1_182' title='bbox 385 2285 613 2327; x_wconf 84' lang='lat' dir='ltr'>clausulam</span> <span class='ocrx_word' id='word_1_183' title='bbox 643 2285 840 2326; x_wconf 87' lang='lat' dir='ltr'>trochaici</span> <span class='ocrx_word' id='word_1_184' title='bbox 871 2284 1027 2326; x_wconf 88' lang='lat' dir='ltr'>ordinis</span> <span class='ocrx_word' id='word_1_185' title='bbox 1057 2284 1243 2337; x_wconf 89' lang='lat' dir='ltr'>indicari,</span> <span class='ocrx_word' id='word_1_186' title='bbox 1289 2299 1382 2325; x_wconf 84' lang='lat' dir='ltr'>culn</span> <span class='ocrx_word' id='word_1_187' title='bbox 1422 2284 1510 2340; x_wconf 86' lang='lat' dir='ltr'>ipsa</span> <span class='ocrx_word' id='word_1_188' title='bbox 1540 2283 1593 2325; x_wconf 90' lang='lat' dir='ltr'>sit</span> <span class='ocrx_word' id='word_1_189' title='bbox 1621 2284 1664 2324; x_wconf 90' lang='lat' dir='ltr'>in</span> <span class='ocrx_word' id='word_1_190' title='bbox 1696 2285 1781 2326; x_wconf 80' lang='lat' dir='ltr'>fine</span> 
     </span>
     <span class='ocr_line' id='line_1_25' title="bbox 228 2352 1839 2410; baseline 0.002 -18"><span class='ocrx_word' id='word_1_191' title='bbox 228 2352 313 2393; x_wconf 87' lang='lat' dir='ltr'>eius</span> <span class='ocrx_word' id='word_1_192' title='bbox 343 2353 488 2408; x_wconf 88' lang='lat' dir='ltr'>posita,</span> <span class='ocrx_word' id='word_1_193' title='bbox 520 2354 622 2395; x_wconf 92' lang='lat' dir='ltr'>duos</span> <span class='ocrx_word' id='word_1_194' title='bbox 653 2353 818 2395; x_wconf 89' lang='lat' dir='ltr'>ordines</span> <span class='ocrx_word' id='word_1_195' title='bbox 848 2361 1058 2409; x_wconf 83' lang='lat' dir='ltr'>separatos</span> <span class='ocrx_word' id='word_1_196' title='bbox 1090 2368 1137 2394; x_wconf 89' lang='lat' dir='ltr'>ac</span> <span class='ocrx_word' id='word_1_197' title='bbox 1166 2368 1218 2395; x_wconf 89' lang='lat' dir='ltr'>ne</span> <span class='ocrx_word' id='word_1_198' title='bbox 1247 2353 1464 2394; x_wconf 86' lang='lat' dir='ltr'>minimum</span> <span class='ocrx_word' id='word_1_199' title='bbox 1486 2352 1652 2407; x_wconf 84' lang='lat' dir='ltr'>quidem</span> <span class='ocrx_word' id='word_1_200' title='bbox 1672 2353 1780 2396; x_wconf 81' lang='lat' dir='ltr'>inter</span> <span class='ocrx_word' id='word_1_201' title='bbox 1834 2400 1839 2410; x_wconf 27' lang='grc' dir='ltr'>ἱ</span> 
     </span>
     <span class='ocr_line' id='line_1_26' title="bbox 227 2421 1778 2478; baseline 0.001 -18"><span class='ocrx_word' id='word_1_202' title='bbox 227 2434 270 2461; x_wconf 90' lang='lat' dir='ltr'>se</span> <span class='ocrx_word' id='word_1_203' title='bbox 300 2434 519 2463; x_wconf 85' lang='lat' dir='ltr'>commune</span> <span class='ocrx_word' id='word_1_204' title='bbox 548 2422 747 2463; x_wconf 87' lang='lat' dir='ltr'>habentes</span> <span class='ocrx_word' id='word_1_205' title='bbox 775 2422 817 2462; x_wconf 91' lang='lat' dir='ltr'>in</span> <span class='ocrx_word' id='word_1_206' title='bbox 848 2421 1030 2463; x_wconf 89' lang='lat' dir='ltr'>medium</span> <span class='ocrx_word' id='word_1_207' title='bbox 1060 2421 1331 2478; x_wconf 85' lang='lat' dir='ltr'>proferendos</span> <span class='ocrx_word' id='word_1_208' title='bbox 1364 2435 1452 2463; x_wconf 87' lang='lat' dir='ltr'>esse</span> <span class='ocrx_word' id='word_1_209' title='bbox 1482 2435 1642 2464; x_wconf 85' lang='lat' dir='ltr'>censeo.</span> <span class='ocrx_word' id='word_1_210' title='bbox 1683 2422 1778 2473; x_wconf 83' lang='lat' dir='ltr'>Qua</span> 
     </span>
     <span class='ocr_line' id='line_1_27' title="bbox 226 2480 1777 2546; baseline 0.003 -19"><span class='ocrx_word' id='word_1_211' title='bbox 226 2487 269 2527; x_wconf 91' lang='lat' dir='ltr'>in</span> <span class='ocrx_word' id='word_1_212' title='bbox 300 2503 347 2530; x_wconf 87' lang='lat' dir='ltr'>re</span> <span class='ocrx_word' id='word_1_213' title='bbox 375 2496 537 2530; x_wconf 87' lang='lat' dir='ltr'>secutus</span> <span class='ocrx_word' id='word_1_214' title='bbox 578 2505 670 2531; x_wconf 90' lang='lat' dir='ltr'>sum</span> <span class='ocrx_word' id='word_1_215' title='bbox 707 2480 1002 2546; x_wconf 88' lang='lat' dir='ltr'>plerorumque</span> <span class='ocrx_word' id='word_1_216' title='bbox 1040 2490 1245 2532; x_wconf 88' lang='lat' dir='ltr'>editorum</span> <span class='ocrx_word' id='word_1_217' title='bbox 1287 2490 1546 2542; x_wconf 86' lang='lat' dir='ltr'>sententiam,</span> <span class='ocrx_word' id='word_1_218' title='bbox 1587 2490 1777 2546; x_wconf 89' lang='lat' dir='ltr'>inprimis</span> 
     </span>
    </p>
   </div>
   <div class='ocr_carea' id='block_1_4' title="bbox 227 2555 1777 2681">
    <p class='ocr_par' dir='ltr' id='par_1_6' title="bbox 227 2555 1777 2681">
     <span class='ocr_line' id='line_1_28' title="bbox 228 2555 1775 2602; baseline 0.001 -4"><span class='ocrx_word' id='word_1_219' title='bbox 228 2555 459 2598; x_wconf 84' lang='lat' dir='ltr'>Godofredi</span> <span class='ocrx_word' id='word_1_220' title='bbox 489 2557 722 2599; x_wconf 83' lang='lat' dir='ltr'>Hermanni</span> <span class='ocrx_word' id='word_1_221' title='bbox 762 2565 803 2600; x_wconf 89' lang='lat' dir='ltr'>et</span> <span class='ocrx_word' id='word_1_222' title='bbox 832 2557 1033 2600; x_wconf 83' lang='lat' dir='ltr'>Guilehni</span> <span class='ocrx_word' id='word_1_223' title='bbox 1070 2557 1294 2601; x_wconf 88' lang='lat' dir='ltr'>Dindorfii.</span> <span class='ocrx_word' id='word_1_224' title='bbox 1355 2557 1478 2599; x_wconf 90' lang='lat' dir='ltr'>Falso</span> <span class='ocrx_word' id='word_1_225' title='bbox 1519 2558 1775 2602; x_wconf 87' lang='lat' dir='ltr'>Schmidtius</span> 
     </span>
     <span class='ocr_line' id='line_1_29' title="bbox 227 2626 1777 2681; baseline 0.002 -17"><span class='ocrx_word' id='word_1_226' title='bbox 227 2639 320 2664; x_wconf 91' lang='lat' dir='ltr'>cum</span> <span class='ocrx_word' id='word_1_227' title='bbox 350 2639 514 2681; x_wconf 87' lang='lat' dir='ltr'>semper</span> <span class='ocrx_word' id='word_1_228' title='bbox 540 2626 703 2668; x_wconf 90' lang='lat' dir='ltr'>studeat</span> <span class='ocrx_word' id='word_1_229' title='bbox 735 2627 872 2668; x_wconf 89' lang='lat' dir='ltr'>omnia</span> <span class='ocrx_word' id='word_1_230' title='bbox 894 2626 946 2667; x_wconf 90' lang='lat' dir='ltr'>ad</span> <span class='ocrx_word' id='word_1_231' title='bbox 970 2641 1099 2667; x_wconf 90' lang='lat' dir='ltr'>unum</span> <span class='ocrx_word' id='word_1_232' title='bbox 1115 2641 1333 2668; x_wconf 86' lang='lat' dir='ltr'>numerum</span> <span class='ocrx_word' id='word_1_233' title='bbox 1350 2627 1518 2679; x_wconf 83' lang='lat' dir='ltr'>referre,</span> <span class='ocrx_word' id='word_1_234' title='bbox 1548 2628 1777 2670; x_wconf 78' lang='lat' dir='ltr'>trochaicos</span> 
     </span>
    </p>
   </div>
   <div class='ocr_carea' id='block_1_5' title="bbox 932 656 1073 660">
    <p class='ocr_par' dir='ltr' id='par_1_7' title="bbox 932 656 1073 660">
     <span class='ocr_line' id='line_1_30' title="bbox 932 656 1073 660; baseline 0 0"><span class='ocrx_word' id='word_1_235' title='bbox 932 656 1073 660; x_wconf 95' lang='lat' dir='ltr'> </span> 
     </span>
    </p>
   </div>
   <div class='ocr_carea' id='block_1_6' title="bbox 227 2692 1862 2756">
    <p class='ocr_par' dir='ltr' id='par_1_8' title="bbox 227 2692 1862 2756">
     <span class='ocr_line' id='line_1_31' title="bbox 227 2692 1862 2756; baseline 0.002 -24"><span class='ocrx_word' id='word_1_236' title='bbox 227 2692 391 2734; x_wconf 88' lang='lat' dir='ltr'>ordines</span> <span class='ocrx_word' id='word_1_237' title='bbox 428 2694 646 2737; x_wconf 89' lang='lat' dir='ltr'>restituere</span> <span class='ocrx_word' id='word_1_238' title='bbox 686 2702 870 2739; x_wconf 85' lang='lat' dir='ltr'>conatur.</span> <span class='ocrx_word' id='word_1_239' title='bbox 932 2695 1079 2751; x_wconf 89' lang='lat' dir='ltr'>Itaque</span> <span class='ocrx_word' id='word_1_240' title='bbox 1119 2697 1282 2751; x_wconf 60' lang='grc' dir='ltr'><strong><em>θάρσος</em></strong></span> <span class='ocrx_word' id='word_1_241' title='bbox 1322 2697 1514 2744; x_wconf 57' lang='grc' dir='ltr'>εὐπειθὲς</span> <span class='ocrx_word' id='word_1_242' title='bbox 1554 2711 1635 2737; x_wconf 91' lang='lat' dir='ltr'>non</span> <span class='ocrx_word' id='word_1_243' title='bbox 1680 2696 1776 2736; x_wconf 89' lang='lat' dir='ltr'>scri·</span> <span class='ocrx_word' id='word_1_244' title='bbox 1797 2711 1802 2716; x_wconf 94' lang='lat'>·</span> <span class='ocrx_word' id='word_1_245' title='bbox 1824 2748 1832 2756; x_wconf 45' lang='grc' dir='ltr'><strong><em>Ι</em></strong></span> <span class='ocrx_word' id='word_1_246' title='bbox 1853 2695 1862 2705; x_wconf 80' lang='grc'><em>”</em></span> 
     </span>
    </p>
   </div>
   <div class='ocr_carea' id='block_1_7' title="bbox 225 2762 1777 2960">
    <p class='ocr_par' dir='ltr' id='par_1_9' title="bbox 225 2762 1777 2960">
     <span class='ocr_line' id='line_1_32' title="bbox 227 2762 1777 2815; baseline 0.003 -13"><span class='ocrx_word' id='word_1_247' title='bbox 227 2762 409 2803; x_wconf 90' lang='lat' dir='ltr'>bendum</span> <span class='ocrx_word' id='word_1_248' title='bbox 440 2769 514 2815; x_wconf 87' lang='lat' dir='ltr'>est,</span> <span class='ocrx_word' id='word_1_249' title='bbox 546 2763 618 2805; x_wconf 89' lang='lat' dir='ltr'>sed</span> <span class='ocrx_word' id='word_1_250' title='bbox 650 2779 743 2805; x_wconf 92' lang='lat' dir='ltr'>cum</span> <span class='ocrx_word' id='word_1_251' title='bbox 773 2763 1019 2805; x_wconf 87' lang='lat' dir='ltr'>Hermanno</span> <span class='ocrx_word' id='word_1_252' title='bbox 1049 2772 1089 2806; x_wconf 92' lang='lat' dir='ltr'>et</span> <span class='ocrx_word' id='word_1_253' title='bbox 1123 2763 1339 2806; x_wconf 88' lang='lat' dir='ltr'>Dindorfio</span> <span class='ocrx_word' id='word_1_254' title='bbox 1370 2764 1624 2805; x_wconf 70' lang='lat' dir='ltr'>restituenda</span> <span class='ocrx_word' id='word_1_255' title='bbox 1654 2764 1777 2806; x_wconf 87' lang='lat' dir='ltr'>lectio</span> 
     </span>
     <span class='ocr_line' id='line_1_33' title="bbox 226 2830 1775 2890; baseline 0.002 -18"><span class='ocrx_word' id='word_1_256' title='bbox 226 2832 410 2882; x_wconf 57' lang='grc' dir='ltr'><strong>εὐπειθές.</strong></span> <span class='ocrx_word' id='word_1_257' title='bbox 470 2830 548 2873; x_wconf 81' lang='lat' dir='ltr'>Oui</span> <span class='ocrx_word' id='word_1_258' title='bbox 579 2848 695 2876; x_wconf 86' lang='lat' dir='ltr'>meae</span> <span class='ocrx_word' id='word_1_259' title='bbox 721 2833 947 2876; x_wconf 86' lang='lat' dir='ltr'>sententiae</span> <span class='ocrx_word' id='word_1_260' title='bbox 986 2833 1098 2875; x_wconf 85' lang='lat' dir='ltr'>favet</span> <span class='ocrx_word' id='word_1_261' title='bbox 1137 2835 1259 2875; x_wconf 86' lang='lat' dir='ltr'>etiam</span> <span class='ocrx_word' id='word_1_262' title='bbox 1290 2832 1406 2886; x_wconf 91' lang='lat' dir='ltr'>illud,</span> <span class='ocrx_word' id='word_1_263' title='bbox 1445 2832 1557 2890; x_wconf 88' lang='lat' dir='ltr'>quod</span> <span class='ocrx_word' id='word_1_264' title='bbox 1601 2833 1775 2890; x_wconf 88' lang='lat' dir='ltr'>duplicis</span> 
     </span>
     <span class='ocr_line' id='line_1_34' title="bbox 225 2901 1776 2960; baseline 0.001 -17"><span class='ocrx_word' id='word_1_265' title='bbox 225 2901 387 2944; x_wconf 89' lang='lat' dir='ltr'>numeri</span> <span class='ocrx_word' id='word_1_266' title='bbox 415 2916 589 2958; x_wconf 78' lang='lat' dir='ltr'>pausam</span> <span class='ocrx_word' id='word_1_267' title='bbox 618 2903 661 2945; x_wconf 90' lang='lat' dir='ltr'>in</span> <span class='ocrx_word' id='word_1_268' title='bbox 693 2920 738 2946; x_wconf 84' lang='grc' dir='ltr'>ευ</span> <span class='ocrx_word' id='word_1_269' title='bbox 767 2903 884 2946; x_wconf 86' lang='lat' dir='ltr'>nullo</span> <span class='ocrx_word' id='word_1_270' title='bbox 914 2903 1038 2946; x_wconf 88' lang='lat' dir='ltr'>modo</span> <span class='ocrx_word' id='word_1_271' title='bbox 1067 2917 1174 2960; x_wconf 88' lang='lat' dir='ltr'>queo</span> <span class='ocrx_word' id='word_1_272' title='bbox 1204 2917 1444 2960; x_wconf 81' lang='lat' dir='ltr'>agnoscere.</span> <span class='ocrx_word' id='word_1_273' title='bbox 1500 2903 1653 2945; x_wconf 89' lang='lat' dir='ltr'>Versus</span> <span class='ocrx_word' id='word_1_274' title='bbox 1683 2917 1776 2945; x_wconf 89' lang='lat' dir='ltr'>mea</span> 
     </span>
    </p>
   </div>
  </div>
 </body>
</html>
