2086 3358
845 229 1100 270 -9-

204 357 406 414 Hcsyclnii
436 355 722 413 lexicographi
752 370 915 396 summa
945 355 1187 396 auctoritate
1213 355 1421 407 firmatur,
1454 354 1616 396 dativus
1645 357 1758 410 ζυγῷ

202 442 304 470 voce
332 429 530 483 λοφωτὸς
560 425 800 468 coniunctus
842 423 952 465 facili
981 438 1106 480 opera
1136 423 1397 466 instrumenti
1429 424 1645 466 habendus
1679 431 1755 477 est,

203 503 249 539 ut
279 511 363 538 non
390 495 567 546 videam,
599 493 699 549 quid
733 507 849 534 meae
878 492 1139 534 coniecturae
1170 493 1290 536 obsit.

320 564 438 605 vers.
464 562 561 605 478.
602 564 782 603 ἐκπέλει
811 560 1034 615 legendum
1055 575 1142 602 esse
1160 576 1243 603 non
1261 562 1395 614 credo,
1428 562 1498 604 sed
1521 565 1753 617 ἐμπρέπει.

207 631 392 674 Decendi
419 630 528 671 cnim
560 629 769 671 notionem
799 629 877 670 hoc
906 629 999 670 loeo·
1028 630 1226 685 postulari
1254 645 1376 672 nemo
1393 638 1455 672 est
1470 630 1571 685 quin
1594 629 1757 681 sentiat,

207 709 252 743 ut
282 701 463 742 ἐκπέλει
492 698 626 739 minus
657 697 847 739 videatur
877 704 1031 753 aptum.
1093 696 1308 754 Blaydesii
1338 698 1459 741 lectio
1490 702 1539 740 οὐ
1568 699 1650 754 γὰρ
1680 696 1756 740 οὖν

207 772 363 824 πρέπει
396 767 529 807 minus
559 766 715 808 arridet
748 773 916 822 propter
947 766 1056 806 vocis
1088 767 1165 809 οὖν
1198 783 1331 819 usum,
1363 783 1488 822 quam
1518 768 1561 807 in
1592 767 1755 808 conclu-

207 836 387 878 sionibus
420 836 609 891 usurpari
639 835 736 877 satis
765 835 1030 891 exploratum
1061 843 1134 880 est.
1197 836 1309 887 Quid
1340 835 1473 878 simile
1502 835 1623 890 huius
1665 834 1757 885 loci,

208 905 278 947 ubi
307 904 509 946 sententia
538 905 669 945 fertur
700 904 957 956 universalis,
986 918 1069 944 non
1100 920 1150 945 ex
1183 905 1230 944 iis
1264 920 1370 960 quac
1387 904 1643 961 praecedunt
1659 904 1756 945 novi

211 973 310 1030 quid
343 972 589 1014 deducitur?

322 1041 442 1085 Vers.
481 1041 578 1085 592.
639 1041 915 1084 Scribendiun
955 1057 1124 1084 censeo:
1167 1043 1342 1100 Ἀρχαῖα
1381 1044 1440 1085 τὰ
1480 1044 1758 1098 Λαβδακιδᾶν

211 1112 337 1152 οἴκων
366 1113 530 1165 ὁρῶμεν
556 1121 558 1123 ’

319 1183 501 1232 πήματα
533 1166 754 1229 vsslffovvs
773 1180 858 1219 ἐπὶ
878 1183 1045 1233 πήμασι
1070 1182 1259 1219 πίπτειν.
1295 1177 1493 1232 vulgaris
1513 1177 1630 1219 lectio
1655 1178 1758 1218 hacc

210 1254 270 1289 est
298 1249 465 1303 ἀρχαῖα
495 1251 553 1288 τὰ
572 1249 849 1302 Λαβδακιδᾶν
878 1248 1002 1288 οἴκων
1034 1251 1192 1303 ὁρῶμαι
1223 1249 1406 1300 πήματα
1438 1247 1660 1300 φθιμένων
1688 1247 1755 1285 ἐπὶ

209 1319 378 1372 πήμασι
406 1316 634 1365 πίπτοντ’,
673 1331 796 1371 quam
827 1316 860 1356 si
891 1324 1066 1368 tuemur,
1098 1331 1240 1357 versus
1272 1315 1377 1356 alter
1407 1315 1458 1354 ad
1491 1314 1612 1355 metri
1641 1314 1758 1368 leges

209 1400 294 1426 non
324 1384 421 1425 satis
451 1391 512 1425 est
540 1383 772 1436 adstrictus,
815 1399 908 1425 cum
939 1391 1109 1440 propter
1140 1384 1450 1439 responsionem
1492 1381 1758 1437 antistrophi-

210 1467 300 1492 cam
330 1451 373 1491 in
403 1451 523 1492 tertia
552 1466 695 1492 versus
725 1451 822 1492 sede
853 1451 1084 1507 postuletur
1112 1451 1276 1507 syllaba
1300 1451 1515 1505 producta,
1549 1466 1630 1490 non
1651 1451 1759 1491 duae

211 1520 399 1576 syllabae
427 1526 653 1575 correptae.
705 1519 925 1561 Accedunt
954 1519 1004 1559 ad
1035 1534 1168 1560 meam
1204 1518 1481 1559 coniecturam
1514 1519 1760 1559 confirman-

212 1585 308 1626 dam
338 1585 436 1639 alia3
478 1587 657 1643 primum
691 1590 851 1643 ὁρῶμαι
884 1602 984 1628 num
1014 1586 1124 1643 apud
1156 1587 1348 1642 tragicOS,
1387 1593 1433 1627 ut
1463 1586 1574 1641 apud
1606 1586 1762 1628 Home-

211 1671 318 1708 rum,
351 1655 497 1697 eodem
524 1657 611 1698 fere
652 1671 775 1698 sensu
816 1663 1058 1713 usurpatum
1098 1656 1151 1698 sit
1195 1671 1277 1711 quo
1317 1656 1497 1697 activum
1529 1660 1621 1712 ὁρῶ,
1666 1655 1762 1697 satis

213 1724 385 1766 dubium
415 1731 487 1777 est,
528 1723 677 1767 deinde
706 1725 759 1766 ad
791 1725 964 1767 chorum
995 1740 1048 1767 ex
1081 1724 1317 1782 quindecim
1347 1723 1582 1766 horninibus
1613 1724 1764 1766 confla-

213 1799 299 1833 tum
330 1808 405 1850 per
433 1807 599 1834 sensum
629 1794 802 1850 pluralis
834 1809 960 1849 quam
992 1793 1217 1848 singularis
1258 1808 1454 1834 numerus
1493 1793 1659 1835 videtur
1700 1808 1764 1834 ac·

213 1861 520 1914 commodatior,
550 1869 596 1903 ut
624 1862 746 1904 lectio
776 1862 949 1919 prodeat
979 1866 1140 1918 ὁρῶμεν
1172 1863 1296 1904 οἴκων
1326 1871 1366 1904 et
1395 1861 1532 1904 sensui
1565 1868 1605 1904 et
1631 1870 1764 1904 metro

212 1946 304 1973 mea
335 1930 503 1986 quidem
535 1931 736 1973 sententia
765 1938 873 1988 apta.
935 1930 1162 1973 Veniamus
1193 1930 1244 1971 ad
1287 1931 1463 1972 alterum
1503 1945 1682 1983 versum,
1721 1931 1763 1971 in

215 2013 297 2054 quo
334 1999 454 2054 plura
498 2000 638 2040 insunt
675 2000 936 2055 corrigenda.
1007 2000 1073 2040 Ac
1112 1999 1291 2055 primum
1332 1998 1497 2054 quidem
1552 2001 1764 2053 ‹pSicrovv‘

211 2067 350 2108 induci
381 2082 499 2124 posse
528 2068 664 2120 credo,
696 2084 787 2109 cuin
822 2069 900 2109 hoc
923 2075 1108 2124 tempore
1131 2084 1271 2110 rerum
1297 2068 1567 2109 adversarum
1587 2068 1761 2109 aliarum

214 2152 266 2177 ex
308 2136 396 2177 aliis
442 2137 721 2179 emanantium
771 2126 1017 2180 exhibeatur
1053 2136 1243 2180 condicis.
1306 2136 1395 2179 Nec
1433 2136 1557 2194 plane
1601 2137 1763 2179 silentio

213 2205 377 2245 videtur
406 2206 694 2262 premendum,
728 2207 902 2247 formam
934 2206 1101 2261 quidem
1135 2206 1167 2245 si
1196 2216 1428 2261 spectamus
1449 2206 1558 2261 quod
1578 2207 1762 2247 futurum

213 2276 361 2328 φθίσω
392 2274 526 2315 activo
559 2275 726 2329 quidem
756 2289 877 2316 sensu
908 2275 1142 2330 praeditum
1177 2275 1273 2314 huic
1301 2275 1390 2315 loco
1423 2275 1626 2326 convenit,
1669 2289 1759 2315 cum

212 2345 396 2397 πήματα
417 2342 506 2399 ipsa
530 2358 800 2399 personarum
818 2343 992 2384 induant
1015 2343 1096 2383 vim
1114 2350 1238 2398 atque
1254 2343 1611 2398 significationem,
1637 2358 1760 2399 quam

213 2425 288 2467 per
314 2416 529 2467 poetarum
562 2427 679 2452 usum
712 2426 854 2452 omnes
884 2411 971 2452 sinc
1001 2411 1282 2452 controversia
1298 2410 1496 2467 Sophocli
1518 2426 1599 2452 non
1627 2413 1760 2452 solum

214 2479 452 2532 concedent,
490 2480 561 2521 sed
594 2481 715 2522 ctiam
748 2480 858 2522 laudi
891 2480 1086 2524 tribuent.
1148 2479 1279 2521 Porro
1322 2479 1471 2521 induco
1511 2478 1761 2522 infinitivum

213 2551 406 2598 πίπτειν,
437 2555 656 2605 propterca
685 2548 796 2605 quod
827 2553 910 2606 ὁρῶ
940 2563 1087 2591 censeo
1118 2548 1319 2605 usurpari,
1350 2548 1406 2589 ita
1434 2556 1478 2589 ut
1512 2548 1667 2590 notioni
1696 2563 1760 2590 co-

213 2617 440 2671 gnoscendi
466 2618 518 2658 sit
546 2618 692 2661 simile.
742 2618 865 2668 Quod
896 2618 928 2658 si
959 2617 1016 2658 ita
1046 2626 1120 2669 est,
1150 2617 1399 2658 infinitivum
1431 2634 1453 2657 a
1485 2618 1660 2659 Graecis
1691 2617 1761 2658 ad-

214 2685 388 2726 hibitum
418 2699 506 2727 esse
536 2693 695 2728 certum
725 2692 798 2738 est,
829 2700 912 2727 non
939 2685 1214 2742 participium,
1245 2685 1355 2740 quod
1374 2684 1542 2741 quidem
1562 2685 1603 2726 in
1621 2700 1760 2727 rerum

213 2761 364 2795 statum
394 2762 654 2809 praesentem
685 2754 829 2796 referri
860 2769 1002 2796 omnes
1028 2755 1135 2796 bene
1164 2761 1316 2795 tenent.
1449 2744 1463 2751 ”
1654 2763 1658 2767 ”

328 2821 445 2866 Vers.
476 2822 573 2867 607.
635 2822 890 2866 Scholiastac
920 2823 1049 2866 verba
1087 2823 1189 2864 haec
1226 2829 1340 2863 sunt:
1387 2822 1496 2864 Οὔτ’
1541 2826 1761 2878 ἀκάματοι

214 2896 325 2934 θεᾶν
373 2900 508 2948 μῆνες.
570 2894 687 2934 'Am-i.
731 2901 826 2944 τοῦ,
867 2897 889 2943 ἡ
927 2900 1008 2935 τοῦ
1051 2893 1210 2949 χρόνου
1246 2895 1451 2948 περίοδος.
1520 2895 1674 2948 Ἀγήρῳ
1717 2894 1762 2933 δὲ
