2086 3375
913 559 1107 605 Pars
1139 560 1298 606 111.

848 706 910 785 Be
949 639 1360 797 Aiace—Silnhnelis.

438 847 474 873 V.
507 832 575 875 53.
617 831 752 872 Locus
783 832 925 887 paullo
953 831 1182 872 intricatior
1208 837 1269 872 est
1286 844 1412 885 quam
1437 830 1506 885 qui
1525 830 1622 871 satis
1638 831 1744 872 bene
1761 831 1882 872 intel-

326 898 413 954 ligi,
434 898 590 940 nedum
606 898 774 955 probari
790 898 926 955 possit.
970 905 1023 954 τῇ
1042 904 1095 954 σῇ
1113 898 1334 954 πρόθυμος
1350 898 1536 953 κυναγίᾳ
1552 911 1720 953 prorsus
1740 904 1883 940 contra

325 980 483 1009 morem
498 966 755 1008 Graecorum
770 967 924 1007 dictum
936 981 1024 1008 esse
1037 966 1254 1019 contendo,
1271 981 1366 1007 cum
1378 965 1541 1007 dativus
1556 972 1611 1022 τῇ
1628 973 1682 1022 σῇ
1697 967 1882 1022 κυναγίᾳ

325 1034 378 1075 ad
409 1034 515 1076 nihil
544 1035 748 1077 referatur
766 1043 938 1091 excepto
963 1034 1075 1090 quod
1099 1034 1300 1076 eiusmodi
1315 1034 1555 1077 ‘coniunctio
1577 1034 1768 1076 adiectivi
1788 1048 1882 1075 cum

324 1103 581 1145 substantivo
611 1104 727 1145 nullo
757 1104 886 1145 verbo
918 1102 1131 1145 interiecto
1163 1102 1336 1146 offendit
1372 1102 1742 1160 imperfectamque
1781 1117 1879 1158 quo-

328 1172 550 1213 dammodo
587 1172 725 1213 reddit
755 1172 981 1213 orationem
1014 1172 1228 1223 sententia,
1269 1179 1316 1212 ut
1346 1186 1479 1227 paene
1507 1170 1609 1211 mihi
1639 1185 1881 1226 persuasum

324 1245 386 1282 est
414 1238 539 1282 inani.
585 1238 726 1291 Quare
755 1238 965 1296 scripsisse
995 1238 1248 1296 Sophoclem
1278 1239 1381 1282 haec
1409 1239 1496 1282 fere
1525 1245 1625 1295 puto
1658 1237 1793 1293 ἔγνων
1826 1241 1883 1289 α’,

326 1310 555 1356 Ὀδυσσεῦ,
587 1310 659 1347 καὶ
688 1310 831 1348 πάλαι
861 1309 1007 1360 φύλαξ
1041 1307 1137 1361 ἔβην

644 1377 724 1426 τὴν
755 1377 834 1426 σὴν
863 1375 1085 1432 πρόθυμος
1116 1377 1172 1426 εἰς
1204 1377 1306 1418 ὁδοῦ
1335 1378 1558 1431 κυναγίαν.

442 1444 506 1484 Ita
538 1450 883 1498 coagmentantur
912 1444 1039 1484 verba
1069 1445 1151 1492 τὴν
1179 1445 1259 1492 σὴν
1288 1445 1391 1484 ὁδοῦ
1418 1446 1630 1499 κυναγίαν
1660 1442 1885 1500 pendentia

326 1525 377 1553 ex
411 1511 715 1568 praepositione
745 1515 802 1562 εἰς
831 1518 1136 1566 revocaturque
1165 1511 1218 1551 ad
1241 1511 1446 1553 saniorem
1469 1512 1683 1564 rationem,
1716 1519 1762 1553 ut
1784 1511 1885 1552 mihi

326 1578 496 1634 quidem
525 1579 704 1631 videtur,
736 1586 821 1620 tota
851 1579 1066 1621 sententia.
1125 1579 1208 1621 Per
1238 1579 1585 1637 praepositionem
1615 1580 1722 1623 enim
1756 1582 1813 1631 εἰς
1843 1579 1884 1621 id

327 1662 410 1703 quo
443 1647 651 1691 tendimus
682 1648 968 1701 adumbratur,
999 1654 1045 1690 ut
1067 1648 1205 1690 Ulixis
1231 1648 1409 1690 custodis
1434 1648 1684 1690 callidissimi
1716 1648 1886 1689 consilia

327 1729 410 1770 quo
439 1722 689 1772 spectentur,
722 1716 828 1757 bene
858 1716 1028 1772 agnosci
1052 1723 1190 1772 queat.
1235 1715 1366 1758 Porro
1396 1718 1498 1759 ὁδοῦ
1527 1720 1738 1772 κυναγίαν
1766 1716 1883 1772 quasi

327 1798 410 1824 uno
441 1784 517 1823 sub
550 1790 720 1824 accentu
761 1784 985 1839 legendum
1025 1798 1171 1826 censeo
1209 1791 1428 1840 propterea
1471 1783 1582 1838 quod
1623 1784 1886 1839 investigatio

326 1848 416 1905 ipsa
447 1849 604 1892 itineris
634 1850 722 1892 sine
752 1850 878 1892 dubio
907 1850 1181 1907 intelligenda
1212 1850 1388 1893 videtur.
1437 1850 1523 1893 Sed
1548 1851 1651 1892 haec
1671 1851 1881 1894 hactenus,

445 1917 560 1959 Vers.
596 1918 676 1958 159
721 1932 804 1959 non
836 1918 933 1958 satis
963 1918 1191 1974 perpolitus
1232 1925 1305 1970 est,
1351 1933 1444 1958 cum
1485 1919 1681 1959 orationis
1721 1919 1884 1959 concin-

329 1983 437 2026 nitas
475 1983 518 2026 in
560 1998 608 2027 eo
651 1999 734 2028 non
764 1991 965 2030 servetur.
1028 1984 1294 2043 Comparatio
1325 1986 1632 2043 quodammodo
1657 1986 1885 2028 instituitur
1926 1996 1936 2003 “

327 2053 435 2093 inter
457 2053 644 2094 homines
668 2060 709 2094 et
734 2060 868 2095 turres
895 2053 1091 2095 firmitate
1116 2060 1157 2095 et
1184 2054 1401 2095 altitudine
1430 2054 1554 2096 urbes
1579 2060 1752 2107 tuentes,
1778 2068 1885 2110 quae

327 2130 464 2163 tamen
494 2122 746 2176 comparatio
776 2137 861 2163 non
890 2122 987 2162 satis
1016 2122 1233 2177 perspicua
1263 2122 1537 2163 adumbratur
1562 2122 1741 2177 legendo
1765 2132 1883 2177 σφα·

328 2191 450 2245 λερὺν
472 2195 641 2244 πύργου
667 2192 779 2246 ῥῦμα
799 2190 1024 2232 πέλονται.
1065 2188 1178 2231 Hinc
1199 2189 1241 2231 id
1265 2196 1375 2232 certe
1396 2196 1580 2247 apparet,
1605 2189 1884 2232 coniecturam

329 2257 679 2312 comparationem
720 2272 827 2313 quae
868 2257 1126 2300 desideratur
1164 2272 1370 2314 sensuque
1408 2258 1655 2315 postulatur,
1702 2258 1880 2300 redinte-

326 2333 520 2381 grantem
542 2325 657 2368 nullo
682 2326 805 2367 modo
829 2325 1145 2382 vituperandam
1179 2342 1278 2378 esse,
1310 2334 1355 2368 ut
1384 2327 1538 2370 afferre
1567 2326 1742 2368 audeam
1775 2328 1882 2368 hanc

329 2393 546 2435 lectionem
1229 2442 1231 2446 f

656 2463 883 2517 σφαλερὸν
914 2465 1075 2517 πύργου
1105 2466 1198 2517 ρὗ’
1231 2463 1281 2512 ὥς
1311 2465 1535 2506 πέλονται.

442 2529 583 2571 Verba
624 2544 732 2586 quae
775 2536 1017 2585 sequuntur,
1060 2529 1308 2585 corrigenda
1337 2537 1453 2583 sunt3
1494 2546 1577 2572 non
1620 2531 1730 2572 enim
1773 2537 1884 2573 recte

329 2599 523 2640 videntur
551 2598 607 2639 ita
637 2598 877 2639 constituta:

441 2669 494 2722 μὴ
523 2669 578 2721 μή
601 2668 642 2722 μ’
670 2666 780 2715 ἄναξ
809 2667 873 2707 ἔθ’
909 2666 980 2707 ὧδ’
1019 2664 1198 2720 ἐφάλοις
1232 2662 1420 2713 κλισίαις
1458 2663 1554 2720 ὄμμ’
1593 2663 1704 2720 ’έχων
1744 2666 1883 2707 κακὰν

331 2738 470 2789 φάτιν
492 2733 580 2790 ἄρῃ.
624 2733 856 2775 Offendunt
877 2734 1091 2785 nonnulla,
1114 2733 1294 2789 primum
1316 2732 1483 2787 negatio
1507 2733 1567 2773 bis
1586 2733 1718 2789 posita
1738 2735 1791 2787 μὴ
1814 2734 1881 2787 μὴ,

330 2817 423 2842 cum
454 2802 557 2842 nihil
587 2802 638 2843 sit
669 2816 827 2854 causae,
858 2816 931 2842 cui·
962 2801 1165 2856 ejusmodi
1194 2801 1273 2841 hoc
1302 2800 1392 2842 loco
1417 2799 1659 2842 admittatur
1680 2800 1882 2857 repetitio.

331 2870 504 2912 Accedit
550 2870 661 2925 quod
705 2870 926 2926 negativae
967 2869 1196 2925 particulae
1241 2869 1366 2925 plano
1410 2868 1579 2911 eaedem
1623 2869 1883 2912 Graecorum
