2086 3375
331 379 476 415 contra
500 370 656 428 linguis
679 378 751 413 aut
770 370 912 412 nullae
932 369 1100 426 agnosci
1123 370 1281 427 possint
1302 371 1598 427 rhythmorum
1615 372 1730 428 leges
1750 381 1887 417 certae

333 456 381 482 ac
412 441 620 493 definitae,
653 447 724 481 aut
752 439 809 480 ita
839 439 1096 491 obscuratae,
1126 446 1172 480 ut
1203 454 1286 481 non
1316 439 1393 480 nisi
1424 439 1670 482 difficillime
1688 442 1887 494 eluceant,

334 525 426 551 cum
457 514 603 566 poe'tae
644 508 842 564 cuiusque
885 507 1056 548 arbitrio
1086 507 1169 549 sint
1197 508 1451 549 constitutae.
1514 507 1631 551 Haec
1660 510 1747 553 fere
1775 512 1888 553 suffi-

327 579 459 630 ciant,
504 584 550 618 ut
593 591 813 633 exponam,
865 591 991 631 quam
1036 577 1079 616 in
1127 576 1377 632 disputando
1422 576 1531 617 viam
1575 577 1739 633 ingredi
1787 580 1888 620 mihi

335 645 635 702 proposuerim.

451 712 719 756 Godofredus
738 711 1019 763 Hermannus,
1053 713 1123 767 qui
1155 713 1313 769 primus
1343 712 1537 754 metricae
1568 713 1666 753 artis
1697 728 1773 769 per
1802 714 1890 754 lon-

336 796 439 838 gum
479 788 642 837 tempus
683 780 900 835 neglectae
939 779 1211 822 fundamenta
1251 780 1356 830 iecit,
1395 781 1437 821 in
1479 782 1892 822 commentationibus

338 849 391 890 ad
421 856 650 890 metrorum
668 847 983 888 Pindaricorum
1011 847 1329 905 descriptionem
1355 842 1657 905 pertinentibus
1681 864 1724 890 se
1743 850 1893 891 afferre

337 918 461 960 modo
493 932 613 974 posse
640 916 750 969 dicit,
795 915 945 971 quibus
986 917 1167 959 numeris
1208 922 1329 973 poe‘ta
1368 932 1463 958 usus
1505 916 1568 969 sit,
1615 933 1717 973 quas
1754 924 1893 960 tamen

338 987 452 1042 leges
483 986 554 1027 ille
581 986 624 1026 in
656 984 844 1026 versibus
876 985 1159 1026 consociandis
1184 986 1479 1038 observaverit,
1510 986 1599 1027 aliis
1618 986 1893 1027 enucleandas

339 1063 379 1097 et
410 1053 655 1111 aperiendas
685 1053 868 1108 reliquit.
927 1054 977 1094 Id
1008 1054 1133 1096 modo
1164 1054 1207 1095 in
1238 1055 1478 1096 universum
1515 1055 1566 1096 de
1606 1055 1894 1096 coniunctione

339 1122 657 1164 Pindaricorum
688 1128 915 1164 metrorum
950 1123 1171 1175 constituit,
1208 1137 1255 1164 ea
1284 1123 1541 1179 potissimum
1575 1137 1681 1178 quae
1713 1123 1893 1179 aliquam

339 1191 654 1232 similitudinem
686 1190 796 1231 inter
825 1205 869 1231 se
898 1190 1131 1242 ostendant,
1166 1190 1403 1231 consociari*
1420 1191 1553 1232 solere
1580 1205 1657 1232 nec
1674 1191 1896 1231 dissimilli-

341 1274 430 1300 mos
462 1266 503 1300 et
532 1258 714 1300 maxime
760 1257 1044 1313 inaequabiles
1082 1273 1276 1300 numeros
1316 1259 1358 1299 in
1396 1260 1606 1300 nonnullis
1647 1260 1897 1300 carminibus

341 1326 634 1383 cognationem
665 1332 798 1367 artam
830 1326 935 1367 inire
966 1333 1105 1382 negat.
1166 1325 1251 1368 Sed
1281 1333 1326 1367 ut
1364 1327 1443 1367 hoc
1480 1327 1629 1368 omisso
1670 1327 1897 1380 videamus,

343 1395 445 1451 quid
476 1395 576 1436 certi
602 1394 658 1436 G.
676 1393 946 1436 Hermannus
978 1394 1030 1435 de
1060 1394 1247 1435 versibus
1267 1395 1376 1451 apud
1396 1395 1622 1436 Pindarum
1649 1396 1898 1452 logaoedicis

344 1464 594 1506 constituere
622 1463 814 1520 potuerit,
854 1477 902 1504 ea
932 1463 1028 1518 lege
1059 1463 1378 1519 disputationem
1409 1464 1480 1505 ille
1509 1463 1720 1519 ingressus
1752 1471 1825 1517 est,
1854 1472 1900 1506 ut

345 1532 533 1574 versibus
565 1531 780 1588 dactylicis
812 1538 852 1572 et
882 1531 1152 1587 anapaesticis
1183 1531 1428 1573 adnumeret
1465 1532 1727 1588 logaoedicos
1766 1533 1900 1575 diver-

347 1601 467 1643 sitate
496 1601 725 1642 formarum
755 1600 960 1654 neglecta.
1006 1599 1072 1639 Ac
1102 1599 1281 1655 primum
1313 1600 1483 1655 quidem
1510 1601 1610 1641 mihi
1638 1601 1759 1643 liceat
1774 1616 1900 1657 gene-

348 1669 469 1711 ratim
511 1668 564 1711 de
601 1667 776 1723 singulis
816 1666 1015 1708 eiusmodi
1061 1667 1247 1710 versibus
1291 1683 1314 1708 a
1353 1674 1472 1724 poe'ta
1513 1668 1701 1710 admissis
1735 1670 1903 1713 dicere:

351 1737 502 1779 deinde
533 1736 750 1778 videamus
783 1735 835 1775 de
865 1750 952 1775 usu.
1007 1735 1323 1792 Dactylicorum
1356 1736 1691 1792 logaoedicorum
1738 1738 1802 1779 vir
1833 1739 1903 1780 do-

350 1813 439 1846 ctus
479 1806 553 1845 has
599 1812 682 1846 tres
724 1805 876 1844 formas
908 1805 1129 1855 constituit,
1174 1805 1515 1860 simplicissimam
1548 1827 1594 1849 *ς
1858 1839 1903 1861 3,

349 1873 514 1931 syllaba
531 1872 755 1914 auctiorem
776 1893 1150 1929 ,ιυυ-Η-υῡ,
1176 1873 1325 1915 deinde
1341 1893 1520 1931 45⁴⁶-
1605 1908 1757 1933 -v-,
1777 1891 1901 1932 quam

1527 1918 1596 1932 &db-⁴

350 1945 526 1984 formam
571 1942 628 1983 ita
663 1942 810 1994 variat,
864 1949 910 1982 ut
946 1943 1093 1998 prioris
1135 1943 1289 1998 dactyli
1333 1945 1461 2000 longa
1499 1946 1663 2001 syllaba
1708 1945 1905 1986 dissoluta

350 2010 762 2068 proceleusmaticum
793 2009 997 2052 admittat

1607 1845 1842 1860 &kd—U—

464 2099 526 2142 :ss
534 2107 833 2121 ψψψψψψψ
843 2109 902 2131 -,,
933 2094 1056 2133 quem
1078 2095 1242 2121 versum
1267 2081 1461 2136 equidem
1492 2087 1635 2122 contra
1665 2080 1727 2121 ita
1745 2080 1904 2131 metior,

352 2156 399 2191 ut
428 2149 585 2191 formae
614 2149 836 2205 primariae
865 2187 1035 2193 *‚-—
1138 2189 1184 2192 -
1246 2189 1292 2193 ᾔ
1337 2165 1559 2206 agnoscam
1593 2149 1904 2200 derivationem,

354 2217 640 2275 exemplisque
678 2217 818 2259 firmat
858 2233 983 2260 unam
1020 2219 1089 2261 Ol.
1123 2221 1235 2277 lep
1273 2220 1335 2261 ll.
1366 2218 1443 2275 Py.
1477 2219 1502 2260 6
1540 2224 1612 2260 str.
1652 2218 1691 2270 5,
1731 2218 1905 2260 alteram

354 2288 433 2343 Py.
475 2287 499 2328 8
538 2301 604 2343 ep.
647 2287 686 2339 8,
724 2286 847 2328 Nem.
888 2288 912 2329 6
955 2296 1027 2329 sti.
1067 2290 1133 2341 11,
1170 2289 1333 2330 tertiam
1373 2287 1441 2330 Ol.
1475 2289 1528 2329 10
1559 2303 1623 2344 ep.
1651 2288 1690 2328 4.
1732 2287 1838 2329 Nem
1881 2288 1906 2328 6

354 2372 419 2413 ep.
434 2356 462 2397 4
484 2355 671 2397 Alterius
694 2354 993 2410 dactylicorum
1018 2356 1354 2412 logaoedicorum
1371 2371 1565 2399 versuum
1583 2356 1759 2411 generis,
1793 2355 1907 2396 cuius

354 2426 449 2480 lege
480 2423 656 2479 dactylis
681 2423 863 2464 trochaei
883 2423 1106 2476 adduntur,
1135 2425 1328 2481 exempl-a
1359 2430 1575 2466 enumerat
1605 2439 1628 2464 a
1652 2423 1907 2480 simpliciori-

356 2495 432 2534 bus
462 2493 605 2534 formis
639 2491 691 2532 ad
722 2491 856 2547 magis
886 2493 1105 2548 magisque
1137 2495 1382 2550 compositas
1412 2493 1700 2550 progrediens.

469 2561 820 2619 -χ-Ν-ῑίέ
831 2598 876 2602 ,-
909 2559 976 2602 Ol.
1012 2562 1062 2602 13
1093 2568 1163 2602 str.
1194 2562 1233 2604 9.
1262 2561 1468 2618 Equidem
1501 2575 1648 2602 censeo
1678 2560 1789 2600 hunc
1818 2574 1908 2600 ver-

356 2622 448 2675 sum
479 2631 757 2673 choriambice
786 2644 873 2672 esse
899 2629 1166 2682 metiendum,
1195 2631 1252 2672 ita
1270 2638 1315 2671 ut
1333 2630 1485 2672 existat
1502 2635 1759 2670 monometer
1776 2627 1908 2668 chori—

358 2701 542 2744 ambicus
573 2705 771 2755 sequente
801 2697 967 2755 dipodia
1008 2697 1183 2739 iambica
1222 2705 1393 2756 propter
1432 2711 1700 2739 numerorum
1739 2695 1909 2737 diversi-

357 2780 485 2814 tatem
517 2768 569 2810 ad
600 2766 824 2810 sententias
855 2766 1112 2809 exhibendas
1143 2767 1230 2809 sine
1261 2767 1387 2809 dubio
1417 2766 1530 2808 haud
1561 2766 1755 2822 ineptam.

471 2836 988 2893 -rgv-—l—'gw-
1019 2835 1096 2893 Py.
1127 2836 1166 2877 4.
1195 2851 1261 2894 ep.
1296 2837 1331 2877 7.

621 2908 1080 2966 -gg-lssg-—
1110 2905 1414 2963 Py.1str.9.
1539 2897 1553 2915 ⁰

472 2929 608 2966 —'»-⁴½a
