2086 3375
398 351 750 421 ‹r—vrffiiffffoff
777 350 1251 419 ζῷ’νάἦνῖῳ-σχολᾷ
1285 353 1474 417 quamvis
1506 361 1615 403 enim
1641 376 1725 403 una
1749 368 1838 403 tan-

286 440 372 474 tum
413 432 578 489 syllaba
607 432 659 473 sit
690 431 859 484 auctior,
901 431 1007 474 inest
1045 432 1086 473 in
1116 446 1163 474 eo
1198 431 1333 474 nescio
1365 430 1463 488 quid
1495 430 1682 487 languidi
1713 439 1839 487 atque

284 501 522 552 effeminati,
565 500 809 557 praesertim
850 515 978 555 quum
1015 514 1211 541 versuum
1257 507 1388 542 metra
1419 499 1592 556 repetita
1621 501 1665 540 in
1695 499 1838 556 epodis

284 568 506 626 praecipue
544 568 735 625 strophas
778 568 894 623 quasi
935 568 1299 621 circumeuntibus,
1331 574 1532 624 quantum
1562 568 1752 623 equidem
1781 569 1838 609 iu-

285 637 423 678 dicare
454 651 573 691 queo,
594 636 767 678 Graecis
797 651 879 677 non
913 636 1066 677 fuerint
1097 636 1138 676 in
1171 636 1337 677 deliciis.
1382 635 1556 678 Accedit
1586 635 1698 691 quod
1731 638 1841 678 ποτὲ

285 720 368 746 non
403 703 500 744 satis
541 710 636 761 apte
667 703 951 746 condicionem
981 704 1166 757 inertiae,
1196 704 1260 745 cui
1285 703 1396 745 Aiax
1427 718 1503 761 per
1531 703 1707 760 spatium
1740 711 1840 746 tem-

285 774 396 830 poris
426 773 538 814 haud
569 773 768 829 exiguum
800 780 889 814 erat
919 773 1081 814 deditus
1113 773 1313 829 depingit.
1376 772 1469 814 Hac
1500 773 1551 814 de
1582 788 1705 814 causa
1744 773 1843 813 scri-

284 841 413 899 psisse
443 841 693 899 Sophoclem
726 842 827 883 haee
858 841 944 884 fere
974 841 1186 883 existimo:

285 913 528 967 στηριχθεὶς
579 912 737 966 ἐγένου
778 913 878 967 τᾷδ’
909 914 952 952 ἐν
983 911 1151 966 ἀγωνίῳ
1201 913 1370 966 σχολᾷς
1414 909 1757 966 praepositionem
1799 914 1844 953 ἐν

288 979 476 1036 usurpari
516 979 567 1022 de
597 980 735 1022 verbis
767 987 918 1022 statum
954 979 1163 1035 quendam
1196 980 1261 1021 vel
1293 979 1578 1021 condicionem
1610 980 1843 1021 exhibenti-

288 1049 364 1088 bus
403 1049 499 1089 satis
532 1056 675 1090 notum
707 1050 898 1101 arbitror,
946 1056 990 1089 ut
1020 1048 1124 1089 nihil
1158 1048 1320 1090 videam
1351 1048 1532 1104 relinqui
1563 1048 1841 1091 dubitationis.

405 1117 522 1158 Vers.
559 1118 636 1158 199
682 1119 752 1173 qui
783 1118 1017 1158 criticorum
1052 1116 1187 1158 studia
1214 1117 1428 1173 hucusque
1458 1117 1611 1158 frustra
1643 1116 1841 1169 exercuit,

290 1184 346 1225 ita
377 1186 671 1241 corrigendum
704 1201 863 1237 censeo,
894 1193 939 1226 ut
970 1186 1183 1227 emendem
1215 1187 1429 1240 γλώσσαις
1460 1189 1682 1240 βαρυαλγῆ
1711 1192 1845 1226 extre-

289 1268 488 1309 mumque
518 1255 622 1310 ἐμοὶ
655 1256 807 1311 δὀἶχος
837 1254 954 1305 ἔστη.
1002 1253 1262 1310 Rhythmum
1296 1254 1418 1296 totius
1451 1254 1570 1310 epodi
1601 1254 1845 1295 choriambi-

291 1338 385 1364 cum
435 1337 523 1364 esse
564 1323 759 1364 admixtis
798 1323 985 1364 versibus
1023 1323 1207 1364 iambicis
1247 1330 1318 1364 aut
1358 1323 1590 1380 spondaicis
1628 1322 1847 1365 interserto

293 1391 462 1445 quidem
506 1391 683 1431 dimetro
726 1391 987 1447 anapaestico
1024 1393 1209 1446 βάσσαις
1239 1393 1420 1433 πάντων
1449 1391 1760 1446 καγχαζόντων
1793 1404 1844 1431 ex

291 1458 414 1500 meris
454 1459 628 1514 syllabis
670 1459 882 1515 productis
931 1459 1108 1499 conflato
1139 1474 1230 1499 eum
1264 1459 1453 1511 arbitrer,
1484 1459 1622 1500 omnia
1652 1458 1703 1499 ad
1739 1459 1851 1499 hunc

292 1540 513 1567 numerum
545 1527 691 1568 referri
722 1533 915 1583 oportere
945 1540 1020 1583 per
1050 1540 1092 1568 se
1123 1533 1305 1583 apparet.
1339 1526 1481 1582 Atque
1500 1526 1567 1568 hic
1583 1525 1751 1582 quidem
1776 1542 1851 1568 nu-

292 1609 432 1635 merus
463 1594 574 1635 haud
607 1595 780 1635 obscure
804 1595 1043 1650 agnoscitur
1072 1595 1114 1635 in
1144 1595 1330 1637 versibus
1362 1595 1419 1636 ita
1448 1602 1494 1635 ut
1523 1595 1763 1648 memoravi,
1793 1596 1849 1637 ef-

292 1663 418 1716 fictis;
450 1663 661 1705 anacrusis
692 1663 800 1705 enim
833 1664 1070 1706 choriambo
1101 1664 1476 1720 hypercatalectico
1505 1665 1729 1720 praemissa
1744 1665 1848 1705 nihil

293 1733 419 1772 habet
435 1732 684 1774 offensionis.
733 1732 930 1773 Ceterum
950 1747 1015 1774 mc
1041 1733 1287 1788 rhythmum
1303 1732 1455 1773 iustum
1472 1733 1692 1788 agnovisse
1707 1747 1850 1776 omnes

291 1800 410 1843 facile
439 1800 668 1843 concedent
695 1801 883 1858 singulos
915 1817 1057 1843 versus
1089 1802 1130 1842 in
1161 1801 1328 1857 singula
1368 1809 1501 1843 metra
1542 1802 1845 1845 distribuentes.
