2086 3374
801 660 995 707 Pare
1027 661 1098 708 Ι.

659 847 1001 946 Exercitationes
1034 846 1247 929 matrinae.

287 976 516 1052 Ingrediar
531 995 572 1036 in
592 994 868 1051 disputatione
884 1009 976 1036 eam
993 994 1144 1050 legem,
1161 1009 1244 1050 qua
1261 992 1401 1047 credo,
1416 992 1608 1035 omnibus
1624 990 1728 1033 eius-

175 1063 287 1106 modi
316 1064 359 1105 in
391 1064 514 1106 rebus
544 1062 792 1105 disserendis
820 1061 1020 1105 utendum
1053 1069 1134 1115 est3
1167 1062 1338 1104 afferam
1367 1061 1490 1113 enim,
1524 1067 1726 1117 quantum

174 1139 329 1187 potero,
372 1132 554 1173 diversas
585 1132 768 1172 virorum
801 1131 1017 1174 doctorum
1049 1130 1100 1171 de
1131 1131 1209 1171 ista
1239 1145 1284 1171 re
1314 1130 1537 1172 sententias
1576 1143 1729 1183 easque

173 1214 257 1241 non
294 1200 428 1241 solum
471 1199 741 1252 adumbrabo,
794 1198 867 1241 sed
907 1198 1029 1240 etiam
1069 1205 1271 1254 quantum
1309 1198 1395 1240 eius
1433 1197 1523 1239 fieri
1561 1195 1734 1253 poterit,

172 1268 362 1311 refellam
402 1283 450 1310 ac
479 1268 659 1311 reiciam.
717 1268 783 1309 Ac
812 1268 994 1325 primum
1024 1267 1194 1323 quidem
1234 1281 1357 1324 saepe
1387 1280 1561 1308 numero
1598 1265 1727 1306 admi-

173 1344 287 1378 ratus
317 1352 420 1389 sum,
459 1337 559 1392 quid
589 1337 642 1377 sit
672 1336 783 1391 quod
812 1336 1041 1378 recentiore
1080 1325 1339 1391 potissimum
1367 1343 1555 1391 tempore
1584 1349 1608 1374 a
1636 1335 1728 1390 phi-

173 1405 323 1460 lologis
352 1405 560 1446 nobilibus
589 1404 631 1445 in
663 1411 751 1446 arte
781 1404 951 1446 metrica
992 1411 1052 1446 tot
1089 1411 1257 1460 tamque
1294 1404 1440 1460 gravia
1478 1402 1579 1445 vitia
1618 1417 1727 1444 com-

175 1474 298 1515 missa
326 1480 433 1526 sunt,
476 1480 565 1514 orta
597 1473 765 1529 quidem
796 1488 849 1515 ex
879 1487 1068 1515 errorum
1097 1473 1317 1525 radicibus,
1349 1487 1455 1528 quae
1485 1469 1728 1513 evellendae

175 1549 216 1583 et
244 1541 539 1594 extrahendae,
577 1555 660 1583 non
691 1541 1049 1583 circumcidendae
1078 1548 1151 1583 aut
1187 1541 1466 1598 amputandae
1506 1547 1613 1581 sunt.
1675 1538 1727 1579 In

174 1625 257 1666 quo
300 1609 536 1652 hominibus
580 1624 682 1667 opus
728 1616 789 1652 est
832 1609 1016 1663 eruditis,
1058 1610 1201 1666 quales
1247 1610 1415 1651 fuerunt
1460 1607 1726 1652 Godofredus

173 1679 442 1721 Hermannus
473 1686 514 1721 et
542 1675 762 1735 Augustus
792 1678 1050 1731 Boeckhius3
1082 1686 1225 1721 contra
1255 1678 1288 1720 si
1319 1678 1410 1734 quis
1442 1678 1546 1719 alius
1576 1683 1727 1719 metro-

173 1763 267 1789 rum
297 1748 576 1805 cognitionem
606 1763 707 1805 prae
736 1762 779 1789 se
810 1748 915 1801 tulit,
948 1755 1018 1789 aut
1047 1748 1260 1789 metricam
1291 1749 1422 1790 artem
1453 1762 1548 1789 cum
1577 1746 1725 1802 rhyth-

174 1818 280 1858 mica
309 1817 506 1869 confudit,
546 1818 810 1872 antiquorum
842 1816 894 1858 de
925 1817 1005 1858 hoc
1034 1831 1189 1872 genere
1220 1816 1407 1859 doctrina
1434 1816 1626 1871 neglecta
1656 1830 1725 1856 ve-

174 1893 309 1926 terum
338 1885 480 1926 metris
510 1884 661 1941 partim
693 1884 745 1925 ad
776 1884 983 1939 antiquae,
1013 1884 1164 1940 partim
1187 1884 1237 1925 ad
1264 1884 1490 1926 hodiernae
1514 1884 1612 1925 artis
1635 1898 1723 1924 mu-

172 1952 279 1994 sicae
298 1952 466 2008 regulas
489 1951 847 1994 accommodandis
865 1967 1035 2009 operam
1051 1952 1165 1995 dedit
1181 1959 1425 2009 tantumque
1446 1951 1573 1993 valuit
1593 1965 1725 2001 error,

173 2028 218 2062 ut
247 2021 447 2073 homines,
485 2035 579 2061 cum
610 2021 748 2062 animo
778 2021 883 2061 nihil
915 2021 1057 2063 videre
1088 2028 1268 2078 possent,
1312 2022 1364 2061 ad
1405 2021 1544 2062 oculos
1588 2021 1727 2061 omnia.

172 2089 376 2131 referrent
404 2103 658 2144 graecosque
689 2096 730 2131 et
758 2104 951 2131 romanos
981 2104 1176 2131 numeros
1213 2089 1346 2131 modis
1385 2088 1551 2130 musicis
1588 2089 1725 2145 expri-

174 2172 287 2200 mere
327 2157 552 2200 studerent.
620 2156 714 2208 Quo
751 2157 850 2214 quid
895 2157 985 2200 fieri
1025 2158 1154 2215 possit
1191 2157 1534 2200 inconsideratius
1575 2157 1725 2211 nescio,

172 2226 415 2282 praesertim
446 2241 575 2282 quum
604 2227 741 2267 nullos
770 2227 871 2268 alios
902 2242 1027 2282 quam
1058 2227 1129 2282 qui
1159 2234 1248 2268 arte
1278 2242 1326 2268 ac
1346 2226 1509 2268 ratione
1532 2241 1725 2268 numero-

171 2309 266 2337 rum
294 2295 447 2337 formas
478 2294 823 2351 excogitaverunt
852 2294 1219 2351 sollertissimeque
1254 2295 1297 2337 in
1337 2294 1589 2337 carminibus
1629 2309 1722 2337 con—

173 2363 399 2404 scribendis
422 2371 711 2415 exercuerunt,
740 2364 886 2404 melius
908 2378 1049 2405 eorum
1075 2364 1277 2404 rationem
1293 2371 1552 2420 perspectam
1568 2365 1723 2404 habere

172 2446 247 2487 per
275 2446 319 2473 se
349 2439 557 2488 appareat.
617 2431 699 2472 Hic
736 2432 864 2488 igitur
902 2447 1018 2473 error
1057 2439 1119 2473 est
1157 2431 1405 2488 eripienduS,
1444 2432 1546 2473 haec
1587 2431 1721 2474 detra-

173 2499 312 2541 henda
342 2499 494 2557 opinio,
524 2515 607 2556 qua
638 2500 795 2557 antiqui
825 2500 983 2543 metrici
1012 2515 1155 2543 omnes
1179 2500 1365 2542 homines
1381 2515 1550 2557 prorsus
1565 2499 1722 2542 indocti

172 2567 379 2609 habentur
407 2568 596 2624 ratioque
618 2583 725 2625 quae
749 2569 969 2611 interillos
990 2568 1178 2625 singulos
1201 2568 1441 2620 intercedat,
1473 2567 1722 2609 excutienda

173 2641 235 2676 est
263 2642 304 2677 et
332 2636 432 2691 quid
462 2637 583 2693 pretii
604 2637 651 2678 iis
672 2637 939 2680 tribuendum
956 2637 1159 2691 videatur,
1186 2636 1533 2689 constituendum,
1563 2644 1610 2679 ut
1629 2637 1721 2678 fun-

172 2702 367 2746 damenta
396 2705 609 2748 doctrinae
648 2696 843 2749 metricae
885 2706 1020 2748 denuo
1059 2706 1135 2747 iaci
1172 2706 1340 2763 possint.
1401 2704 1576 2747 Constat
1610 2705 1719 2747 enim

170 2771 279 2813 inter
307 2787 469 2827 omneS,¹
508 2774 561 2816 de
587 2775 772 2817 numeris
803 2775 1013 2817 neminem
1042 2775 1192 2816 rectius
1221 2774 1405 2815 iudicare
1435 2788 1556 2830 posse
1593 2788 1719 2829 quam

171 2838 380 2882 Graecum
411 2856 678 2885 numerorum
709 2844 921 2896 artificem,
950 2859 1042 2885 cum
1070 2843 1193 2885 totius
1211 2842 1380 2898 linguae
1402 2857 1579 2898 graecae
1595 2857 1719 2884 sonus

120 2920 126 2926 ·
170 2914 213 2951 et
238 2908 463 2965 rhythmus
492 2904 545 2953 ad
575 2912 738 2955 numeri
765 2912 881 2968 leges
911 2911 1233 2969 simplicissimas
1259 2911 1419 2953 effictus
1447 2911 1511 2965 sit,
1540 2910 1582 2952 in
1601 2910 1719 2953 novis
