2086 3358
851 232 1132 275 „15-

214 359 294 403 hoc
333 368 512 405 metrum
552 377 695 405 versus
731 362 854 420 primi
896 383 1139 408 vans-v
1179 386 1220 393 —
1257 396 1390 407 vv„
1426 382 1616 407 42„-
1665 359 1693 404 i.
1734 374 1769 403 e.

214 428 389 472 dimeter
417 430 693 473 dochmiacus.
756 431 912 472 Versus
953 432 1209 486 subsequens
1247 445 1301 472 ex
1341 430 1533 472 dochmio
1570 437 1771 486 sequente

213 499 349 540 iambo
380 509 572 541 constans
602 500 722 541 facile
754 508 890 556 potest
922 499 1079 543 haberi.
1137 499 1247 542 Satis
1276 506 1420 541 notum
1453 505 1527 551 cst,
1561 497 1770 540 dochmia-

214 580 306 608 cum
337 581 556 611 numerum
587 567 768 619 extendi,
808 567 864 609 ita
896 574 940 608 ut
969 567 1129 608 iambus
1157 574 1228 608 aut
1256 567 1490 624 complures
1529 566 1651 606 iambi
1685 566 1769 605 adi-

214 635 385 678 ciantur.
447 636 550 686 Quis
582 651 665 677 non
696 637 860 676 noverit
889 650 1053 676 versum
1085 636 1231 690 Antig.
1274 636 1391 687 1275,
1430 637 1497 676 ubi
1532 636 1769 677 dochmium

214 711 297 745 tres
327 704 453 745 iambi
484 704 725 761 excipiunt?
784 704 994 746 Numerus
1026 704 1113 761 ipse
1161 703 1471 761 quodammodo
1512 703 1772 746 concluditur

216 771 458 828 exsistitque
487 773 760 830 tranquillum
794 780 971 815 metrum
1011 773 1261 829 gravitatem
1300 786 1567 814 numerorum
1609 780 1772 813 antece-

215 841 639 898 dentium-mitigans
700 843 859 885 Versus
888 843 1034 885 tertius
1064 843 1097 883 is
1128 850 1202 894 est,
1242 849 1288 884 ut
1316 842 1401 884 eius
1435 849 1610 900 metrum
1646 850 1771 897 queat

214 909 381 964 agnosci
413 909 492 950 1100
523 945 552 953 ν
571 931 601 955 4
621 946 650 954 v
675 936 718 942 —
747 945 773 954 e
799 935 842 941 —
887 945 919 954 v
938 930 969 955 φ
992 944 1024 953 ψ
1048 935 1093 940 -—
1118 945 1147 953 ν
1172 935 1235 953 -.
1274 908 1620 975 Luculentissim'c
1645 924 1773 949 unus—

190 977 390 1032 .quisque
427 986 614 1019 nostrum
651 985 788 1034 potest
823 978 1071 1033 intelligere,
1111 979 1326 1034 utriusque
1364 977 1591 1019 dochmiaci
1628 993 1770 1019 versus

215 1045 414 1088 exsistere
445 1045 569 1103 plane
599 1046 774 1089 eandem
805 1046 1002 1101 formam3
1053 1054 1114 1089 cst
1144 1046 1253 1088 enim
1285 1046 1419 1104 prima
1448 1046 1613 1104 syllaba
1644 1046 1771 1101 longa.

217 1114 258 1154 in
289 1114 391 1155 duas
422 1115 567 1156 breves
598 1115 808 1158 dissoluta.
857 1116 999 1172 Atque
1030 1116 1133 1156 haec
1163 1116 1331 1171 quidem
1361 1130 1454 1156 mea
1484 1116 1689 1156 sententia
1719 1130 1769 1155 eo

215 1183 405 1225 firmatur
437 1191 683 1240 argumento
714 1184 824 1240 quod
855 1184 1080 1241 rhythmus
1123 1199 1255 1241 paene
1292 1183 1436 1225 similis
1473 1185 1517 1225 in
1557 1184 1771 1226 ordinibus

216 1251 465 1294 dochmiacis
510 1253 776 1309 sequentibus
825 1267 909 1295 non
964 1252 1122 1294 difficili
1180 1252 1348 1309 negotio
1403 1259 1539 1309 potest
1585 1254 1767 1309 agnosci.

215 1320 422 1377 Equidem
462 1337 629 1364 versum
666 1323 986 1378 subsequentem
1027 1324 1293 1379 δαμοὲρόους
1336 1323 1377 1363 τ’
1407 1324 1514 1376 ἀρὰς
1546 1325 1767 1372 ἀπέδικες;

215 1390 438 1446 ἀπόδαμος
469 1391 626 1441 ἄπολις
656 1392 698 1432 τ’
733 1390 822 1433 ἔσει
850 1391 907 1432 ita
938 1391 1114 1443 diudico,
1156 1398 1203 1432 ut
1232 1405 1324 1432 eum
1360 1398 1549 1432 constare
1579 1406 1766 1433 censeam

215 1471 267 1497 ex
297 1458 428 1499 tribus
468 1458 682 1499 ordinibus
722 1459 984 1511 dochmiacis,
1026 1473 1201 1514 quorum
1243 1459 1363 1498 unius
1409 1483 1449 1487 —
1481 1492 1505 1501 ν
1531 1490 1555 1498 e
1580 1481 1626 1486 —
1656 1491 1681 1499 e
1708 1482 1769 1507 -·—,

214 1526 385 1568 alterius
410 1561 708 1571 vvvvvv
737 1553 797 1578 —,
826 1526 935 1568 tertii
961 1563 988 1571 ν
1014 1564 1040 1571 ν
1064 1562 1091 1570 v
1117 1553 1162 1558 —
1188 1562 1217 1569 ν
1240 1552 1276 1557 —
1311 1533 1489 1567 metrum
1507 1523 1768 1568 constituam.

217 1596 486 1651 δαμοθρόους
515 1595 557 1636 τ’
589 1595 693 1651 ἀρὰς
724 1597 941 1646 ἀπέδικες;
974 1598 1198 1651 ἀπόδαμος
1228 1594 1385 1644 ἄπολις
1416 1595 1458 1635 τ’
1493 1593 1595 1634 ἔσει.
1655 1591 1772 1634 Hace

217 1669 351 1705 metra
388 1663 445 1704 ita
485 1677 632 1704 censeo
673 1678 762 1705 esse
801 1664 1033 1715 constituta,
1082 1671 1127 1703 ut
1161 1663 1319 1719 primus
1367 1662 1469 1703 ordo
1507 1660 1770 1702 dochmiacus

217 1733 421 1774 habeatur
452 1732 505 1773 ad
544 1732 863 1788 praecedentem
905 1735 947 1782 ἐξ
986 1735 1088 1782 ἁλὸς
1126 1730 1307 1787 ὄρμενον
1346 1730 1535 1787 proxime
1573 1729 1772 1772 accedens

217 1806 390 1857 excepto
422 1800 533 1856 quod
563 1801 604 1841 in
635 1800 774 1857 priore
802 1800 948 1842 ordine
975 1801 1141 1856 syllaba.
1171 1800 1306 1856 prima
1337 1808 1398 1841 est
1438 1799 1586 1850 brevis,
1628 1799 1670 1839 in
1696 1814 1768 1855 po—

216 1869 388 1911 steriore
431 1870 570 1924 longa.
641 1869 916 1911 concluditur
959 1877 1143 1925 systema
1185 1884 1306 1910 versu
1349 1868 1635 1924 pherecrateO.
1706 1867 1773 1908 Ita

215 1938 368 1979 arsium
410 1937 585 1979 duarum
626 1938 905 1992 concursione,
947 1953 1124 1994 quarum
1166 1938 1293 1980 altera
1334 1938 1376 1978 in
1416 1936 1603 1979 trimetro
1646 1935 1771 1978 doch-

217 2007 348 2048 miaco
392 2006 481 2048 ἔσει
522 2006 641 2060 inest,
689 2007 819 2050 altera
865 2007 909 2048 in
953 1999 1388 2063 fronte'pherecratei
1435 2004 1687 2061 agnoscitur,
1725 2005 1772 2046 fit

216 2076 378 2117 numeri
418 2076 523 2117 iusta
563 2083 603 2118 et
649 2077 702 2118 ad
747 2077 807 2119 rei
853 2076 1102 2133 gravitatem
1148 2084 1243 2132 apta
1286 2075 1507 2118 conclusio.
1570 2074 1767 2117 Ceterum

218 2135 473 2187 Schmidtius
504 2146 776 2187 rectissimum
809 2146 862 2187 de
892 2147 970 2186 hac
986 2146 1155 2201 stropha
1181 2144 1274 2185 tulit
1296 2143 1502 2196 iudicium,
1531 2150 1772 2185 nontamen

216 2230 240 2255 a
269 2214 360 2256 viro
392 2213 512 2255 docto
543 2214 801 2256 contumeliis
839 2215 998 2256 acerbis
1036 2213 1310 2270 persequendi
1354 2220 1473 2256 erant
1510 2213 1771 2269 interp1·etcS‚

216 2274 395 2339 quorum
429 2282 486 2328 G.
517 2282 785 2326 Hermannus
827 2282 1107 2340 rhythmicam
1150 2282 1316 2339 quidem
1353 2282 1551 2338 strophae
1586 2281 1769 2324 indolem

216 2353 405 2407 quamvis
436 2352 606 2393 minime
638 2352 858 2408 agnovisse
888 2352 1117 2393 censendus
1148 2352 1212 2403 sit,
1242 2360 1421 2392 metrum
1448 2359 1587 2392 tamen
1615 2351 1770 2391 nonita

216 2421 365 2462 falsum
396 2421 618 2464 constituit.
680 2421 860 2463 Ordines
900 2421 1009 2462 enim
1049 2420 1131 2462 duo
1173 2420 1294 2476 primi
1327 2421 1372 2460 τί
1401 2421 1549 2469 κακόν,
1580 2415 1610 2461 ὦ
1639 2422 1769 2474 γύναι

750 2492 1045 2546 χθονοτρεφὲς
1077 2491 1230 2531 ἐδανὸν

216 2553 328 2608 quod
357 2554 481 2610 plane
507 2554 631 2596 simili
661 2555 782 2597 modo
815 2556 1092 2596 conformatos
1124 2570 1212 2597 esse
1241 2562 1412 2607 constat,
1452 2555 1555 2596 meri
1589 2556 1769 2597 habendi

215 2629 313 2662 sunt
340 2637 416 2663 nec
444 2622 606 2664 iambus
643 2623 934 2679 adiungendus
974 2630 1047 2676 est,
1088 2631 1133 2664 ut
1164 2623 1430 2665 Hermannus
1467 2625 1636 2676 consuit,
1675 2640 1768 2665 cum

215 2705 321 2731 unus
351 2690 512 2732 iambus
535 2692 783 2733 dochmiacis
812 2693 999 2734 versibus
1027 2707 1110 2733 non
1128 2692 1365 2747 affingatur.
1408 2692 1604 2734 Ceterum
1625 2708 1767 2734 corum

215 2759 446 2803 coniunctio
462 2760 595 2817 magis
613 2775 739 2818 quam
758 2760 962 2818 separatio
981 2760 1150 2813 amidet,
1180 2775 1272 2802 cum
1291 2761 1567 2817 subsequatur
1582 2761 1769 2803 trimeter

215 2826 479 2870 dochmiacus
509 2830 779 2886 δαμοὲρόους
810 2833 852 2871 τ’
882 2831 991 2885 ἀρὰς
1022 2833 1243 2881 ἀπέδικες;
1286 2831 1508 2886 ἀπόδαμος
1538 2831 1696 2879 ἄπολις
1725 2836 1768 2872 τ’

218 2913 320 2949 meo,
365 2899 539 2942 alteram
582 2899 729 2942 cantici
772 2906 934 2957 partem
978 2899 1178 2942 inchoans
1221 2906 1346 2957 atque
1389 2899 1447 2942 ita
1496 2914 1767 2943 numerorum
