2086 3358
794 271 1076 314 -37—

159 397 463 439 narrationibus
478 398 564 440 eius
583 399 733 456 partim
752 397 968 455 colloquiis
984 412 1077 439 cum
1105 396 1314 440 choreutis
1335 396 1386 438 ad
1418 395 1711 453 perfectionem

159 465 370 523 quandam
414 459 764 516 esseadduetam.
826 466 1083 523 intelligitur
1119 481 1244 523 porro
1285 480 1337 509 ex
1382 465 1495 508 Plut.
1525 464 1613 509 Sol.
1643 463 1712 516 29,

162 534 287 591 Diog.
312 534 451 580 Laert.
480 537 519 589 3,
540 538 611 592 56,
641 538 795 581 Athen.
831 538 851 578 1
885 552 924 593 p.
955 536 1024 578 22.
1058 536 1271 592 Aristoph.
1309 535 1432 592 Vesp.
1466 534 1575 577 1479
1604 533 1714 576 The-

161 603 319 662 spidem
350 605 528 648 eundem
560 607 683 649 fuisse
712 612 892 664 poetam,
921 612 1115 657 actorem,
1148 603 1263 646 chori
1296 603 1459 647 ducem.

273 673 536 717 Dioscorides
593 680 716 733 poe'ta
769 674 1021 731 Thespidem
1080 687 1203 715 omne
1260 673 1712 729 αὐτοσχεδιασμάτων

160 757 294 797 genus
337 743 565 786 excoluisse
605 744 703 786 dicit
734 743 887 791 (Anth.
922 742 1053 784 Palat.
1101 742 1200 797 Vll,
1239 743 1335 794 410,
1374 742 1500 795 411);
1531 740 1712 782 scenicos

161 809 269 851 enim
301 810 387 852 eius
416 811 458 852 in
488 811 600 853 silvis
628 812 705 853 sub
737 812 832 852 divo
863 817 1092 853 amatorum
1127 825 1324 867 personas
1359 809 1494 866 egisse
1523 809 1566 850 id
1598 808 1710 865 quod

162 885 313 929 tamen,
354 879 396 921 ni
425 880 692 923 vehementer
723 880 859 934 fallor,
889 879 942 921 ad
971 894 1059 922 rem
1090 879 1319 922 ornandam
1351 884 1586 921 commento
1619 891 1713 934 pre·

161 948 271 990 cario
301 949 581 1005 excogitatum
613 956 686 992 est.
729 949 876 1005 Longe
906 963 1023 992 secus
1054 963 1121 991 res
1151 963 1239 991 sese
1257 949 1404 1000 habet;
1428 946 1543 990 chori
1570 946 1711 1002 dithy-

158 1017 328 1059 rambiei
361 1017 445 1059 dux
477 1019 564 1061 sive
589 1027 822 1075 κορυφαῖος
851 1017 1049 1073 idemque
1077 1024 1192 1059 actor
1221 1017 1299 1059 fuit
1331 1016 1519 1073 Thespis.
1573 1014 1709 1066 Quam

161 1085 330 1141 quidem
382 1102 513 1128 meam
559 1087 805 1129 sententiam
851 1093 972 1129 antea
1016 1086 1097 1128 iam
1147 1085 1371 1128 stabilitam
1422 1084 1535 1127 hisee
1588 1083 1709 1126 ctiam

164 1154 284 1197 firmo
325 1155 601 1212 argumentis:
634 1154 883 1197 Plutarchus
922 1155 963 1196 in
994 1153 1137 1199 Solon,
1173 1168 1259 1211 cap.
1302 1153 1367 1196 29.
1402 1160 1546 1195 narrat
1574 1167 1711 1195 assen-

157 1223 284 1265 tiente
329 1223 520 1280 Diogene
569 1224 737 1266 Laertio
769 1225 809 1277 3,
829 1224 897 1275 56,
939 1224 1058 1264 illum
1101 1223 1154 1264 ad
1200 1224 1335 1264 locum
1382 1222 1592 1278 quendam
1624 1222 1711 1263 sive

158 1295 298 1347 μῦθον
323 1291 582 1349 desumptum
615 1307 667 1335 ex
700 1292 870 1334 historia
900 1292 1137 1334 fabularum
1170 1290 1453 1334 exhibendum
1480 1290 1547 1333 vel
1576 1289 1712 1348 potius

156 1359 438 1402 inducendum
467 1361 640 1402 chorum
673 1360 1025 1416 dithyrambicum
1056 1359 1150 1401 duci
1179 1359 1344 1401 iussisse
1374 1373 1636 1415 curameque,
1668 1367 1712 1400 ut

155 1429 265 1471 inter
308 1445 403 1472 eum
442 1429 610 1486 eiusque
655 1429 814 1481 ducem,
867 1429 981 1471 cuius
1022 1429 1111 1471 vice
1140 1429 1228 1484 ipsc
1259 1428 1525 1485 fungebatur,
1557 1427 1711 1469 vicissi-

158 1496 257 1539 tudo
288 1497 492 1553 quaedam
523 1497 729 1541 existeret.
790 1497 966 1539 Accedit
996 1496 1111 1538 aliud
1146 1502 1440 1553 argumentum
1476 1496 1530 1537 ad
1574 1510 1710 1538 meam

161 1565 397 1622 opinionem
452 1565 792 1619 confirmandam,
837 1565 949 1621 quod
996 1565 1245 1607 Plutarchus
1288 1564 1423 1607 Them
1483 1566 1510 1606 5
1548 1573 1708 1607 narrat:

155 1636 318 1677 πίνακα
341 1642 415 1685 τῆς
445 1633 557 1684 νίκης
597 1636 775 1686 ἀνέθηκε
811 1638 1017 1684 τοιαύτην
1049 1635 1308 1691 ἐπιγραφὴν
1347 1634 1524 1690 ἔχοντα·
1583 1637 1710 1689 Θεμι-

157 1706 342 1754 στοκλῆς
381 1705 585 1760 Φρεάριος
626 1706 842 1761 τεχορήγει,
889 1707 1101 1760 Φρύνιχος
1141 1702 1397 1754 ἐδίδασκεν,
1437 1704 1712 1759 Ἀδείμαντος

156 1772 293 1828 ἦρχεν.
354 1772 495 1823 Quum
527 1773 637 1814 enim
680 1773 929 1814 vocabulum
972 1779 1142 1829 usurpet
1192 1773 1443 1821 ἐδίδασκεν,
1490 1771 1713 1827 significat,

161 1840 307 1881 drama
337 1855 390 1882 ex
421 1841 619 1888 choroet
649 1841 817 1897 dialogo
848 1856 971 1897 quem
1008 1847 1122 1882 actor
1166 1841 1278 1882 solus
1321 1840 1596 1892 declamabat,
1627 1855 1716 1882 esse

157 1908 406 1961 conflatum3
448 1912 658 1966 ἐχορήγει
697 1924 779 1951 vox
811 1909 979 1966 propria
1010 1916 1071 1951 est
1100 1909 1239 1951 choro.
1299 1908 1365 1950 Ex
1397 1923 1479 1965 quo
1514 1908 1715 1965 sequitur,

159 1977 447 2033 Phrynichum
492 1991 689 2033 personas
728 1978 877 2019 actoris
907 1984 948 2019 et
978 1978 1093 2019 chori
1123 1977 1238 2018 ducis
1268 1977 1509 2030 seiunxisse„
1538 1976 1712 2034 Thespi-

158 2045 265 2098 dem,
295 2061 388 2087 eum
419 2047 593 2096 διδάξαι
622 2060 716 2087 eum
747 2046 907 2087 fabulas
939 2053 1010 2088 aut
1039 2062 1130 2088 cum
1157 2047 1246 2087 aliis
1271 2046 1401 2102 poetis
1420 2052 1600 2088 certasse
1617 2061 1713 2087 nus-

159 2128 284 2170 quam
317 2112 514 2155 traditum
555 2113 619 2167 sit,
663 2114 938 2158 coniunxisse.
999 2113 1312 2172 Rhythmorum
1364 2113 1626 2157 dulcedinem
1671 2114 1710 2154 in

160 2182 391 2238 Phrynichi
430 2183 597 2224 canticis
644 2183 787 2224 laudat
823 2183 1039 2240 Aristoph.
1092 2183 1215 2240 Vesp.
1262 2183 1357 2225 220.
1391 2182 1474 2225 ‘269
1505 2183 1585 2224 Av.
1618 2183 1713 2234 775,

158 2265 265 2307 quae
295 2250 519 2292 maximam
550 2257 710 2308 partem
740 2251 826 2293 eius
857 2250 1093 2294 fabularum
1124 2251 1212 2294 sine
1241 2251 1367 2294 dubio
1391 2258 1709 2309 occupaverunt.
