2086 3375
920 251 1201 292 -10—

284 378 422 433 χρόνῳ
453 379 691 427 δυνάστας·
721 379 824 418 ἀντὶ
855 385 947 418 τοῦ
983 379 1261 420 δυναστεύων
1284 380 1355 419 καὶ
1373 379 1517 436 ἄρχων
1544 387 1624 422 τοῦ
1649 383 1837 436 ἀγηράου

284 446 442 500 χρόνου
472 448 667 501 nai-ejece,-
698 448 777 487 τὸν
801 447 1039 500 Ὄλυμπον·
1071 449 1237 502 ἀγήρων
1270 449 1315 488 δὲ
1338 450 1417 489 τὸν
1444 457 1533 491 τῶν
1552 453 1664 490 θεῶν
1682 452 1838 505 χρόνον

283 515 428 568 φησὶν,
460 513 567 555 ἐπεὶ
597 518 704 569 μήτε
734 516 819 556 ὑπὸ
849 517 1099 569 δυστυχιῶν
1130 518 1236 569 μήτε
1260 519 1344 557 ὑπὸ
1367 519 1507 558 ὕπνου
1534 520 1834 559 ἐλαττοῦται.

287 583 411 624 Recte
467 582 693 638 explicavit
745 583 984 624 scholiastes
1030 597 1196 625 sensum
1243 599 1399 636 versu5‚
1453 585 1530 625 nisi
1579 586 1684 627 forte
1728 586 1837 627 vocis

283 653 444 706 ἀγήρως
478 651 689 693 notionem
720 650 1029 707 quodammodo
1055 652 1342 707 exaggeravit.
1388 652 1470 693 Per
1490 669 1534 694 se
1550 654 1657 694 enim
1675 656 1836 710 ἀγήρως

283 719 384 759 nibil
418 719 529 760 aliud
561 720 767 774 signifieat
798 720 875 760 nisi
910 734 1019 771 „non
1050 724 1293 761 senesoens‘
1329 734 1405 761 nec
1437 721 1541 761 ratio
1562 721 1753 763 habenda
1778 728 1839 763 est

282 785 340 827 rei
372 786 598 838 cuiusdam⁷
631 794 675 828 ut
705 790 969 844 δυστυχιῶν,
1011 794 1057 828 ut
1085 789 1239 837 ὕπνου,
1281 802 1373 827 cum
1405 787 1487 828 tale
1518 788 1617 843 quid
1648 789 1689 828 in
1721 796 1837 830 textu

282 854 371 910 ipso
401 870 485 896 non
516 855 700 897 additum
735 856 798 898 sit.
841 855 1024 897 Omnino
1055 856 1191 904 ὕπνος
1221 854 1322 910 quid
1353 869 1447 896 cum
1478 863 1667 911 tempore¹
1688 857 1839 898 habeat

283 938 513 976 commune,
545 939 628 965 non
660 939 829 981 prorsus
859 931 1052 980 apparet3
1094 923 1263 965 forsitan
1293 925 1426 974 ὕπνος
1457 924 1601 965 latiore
1631 924 1835 979 significa-

283 992 393 1034 tione
422 1008 496 1048 per
526 993 750 1049 imaginem
782 992 974 1035 habenda
1008 1000 1067 1034 est
1099 992 1388 1048 tranquillitas,
1419 993 1475 1033 ita
1495 1000 1541 1033 ut.
1564 1000 1694 1034 status
1714 994 1836 1035 nullis

283 1060 588 1116 impedimentis
628 1062 681 1103 sit
715 1063 982 1118 perturbatus
1022 1070 1093 1102 aut
1121 1061 1387 1117 interruptus.
1442 1063 1545 1102 ‘Two
1585 1064 1835 1118 δυστυχιῶν
1874 1094 1884 1098 *-

282 1130 454 1171 fortasse
485 1145 532 1171 ea
565 1130 616 1171 <le
646 1145 768 1171 causa
798 1131 947 1172 adiecit
970 1130 1221 1181 scholiastes,
1254 1129 1364 1186 quod
1397 1129 1697 1171 calamitatibus
1718 1145 1835 1187 prae-

285 1198 403 1254 cipue
435 1199 544 1240 vitae
575 1199 760 1240 condicio
792 1200 982 1240 turbatur
1004 1205 1075 1238 aut
1094 1213 1231 1239 rerum
1249 1197 1508 1252 quarundam
1527 1205 1667 1249 status,
1702 1199 1836 1254 qualis

283 1266 336 1307 sit
365 1274 539 1323 oportet,
581 1267 905 1324 interrumpitur.
973 1267 1018 1306 ln
1050 1266 1289 1306 universum
1319 1266 1448 1321 igitur
1478 1266 1679 1308 assentior
1719 1269 1836 1308 scho-

284 1335 428 1376 liastae
468 1343 641 1392 excepto
682 1336 793 1391 quod
833 1335 1115 1377 additamenta
1153 1334 1382 1376 necessaria
1429 1349 1517 1376 esse
1564 1350 1648 1387 non
1698 1335 1834 1379 credo.

283 1405 478 1446 Alterum
510 1405 758 1446 vocabulum
789 1405 924 1454 ὕπνος
955 1404 1237 1460 metaphorice
1264 1403 1546 1459 accipiendum
1564 1411 1637 1455 est,
1668 1404 1701 1445 si
1716 1410 1837 1461 poe'ta

284 1472 446 1514 habend
456 1488 523 1514 um
545 1479 607 1514 est
624 1473 811 1529 (lignum,
832 1473 1008 1514 alterum
1030 1475 1267 1529 δυστυχίαι
1287 1486 1337 1514 ex
1358 1472 1523 1513 notione
1545 1473 1652 1514 vocis
1673 1475 1836 1530 ἀγήρως

283 1541 409 1597 ipsius
451 1542 618 1583 videtur
662 1557 748 1583 esse
785 1542 1016 1599 profectum
1065 1541 1242 1597 ideoque
1283 1556 1306 1581 a
1347 1542 1568 1583 scholiasta
1615 1542 1834 1586 adiectum.

289 1609 426 1652 Verba
456 1626 563 1666 quae
595 1610 859 1667 praecedunt,
900 1610 942 1650 in
974 1610 1176 1650 calculum
1209 1609 1397 1651 vocanda
1433 1623 1541 1654 sunt.
1605 1610 1836 1652 Meinekius

283 1678 324 1719 in
357 1678 506 1720 criticis
536 1679 833 1736 supplementis
863 1678 913 1719 ad
940 1677 1159 1735 Sophoclis
1180 1678 1437 1734 Antigonam
1469 1678 1605 1731 tradit,
1638 1679 1838 1720 librorum

282 1748 659 1804 manuscriptorum
689 1748 909 1790 lectionem
948 1762 1036 1789 esse
1078 1762 1182 1799 eam,
1224 1754 1397 1804 utvpars
1437 1749 1635 1804 praebeat
1671 1764 1836 1792 παντο·

283 1819 426 1872 γήρως,
457 1832 552 1873 pars
583 1820 880 1873 πανταγήρως.
944 1816 1138 1857 Virorum
1172 1815 1386 1856 doctorum
1415 1816 1643 1858 sententiae
1671 1817 1728 1858 ita
1758 1816 1837 1857 dis-

283 1892 467 1941 crepant,
509 1893 553 1925 ut
583 1885 650 1925 alii
680 1885 808 1935 illam,
852 1884 920 1924 alii
962 1885 1069 1924 hanc
1108 1884 1424 1940 amplectantur.
1487 1884 1708 1940 Bergkius,
1749 1884 1837 1941 phi-

284 1947 447 2008 lologus
492 1953 781 2004 nobilissimus,
827 1952 939 2007 quod
984 1949 1270 2007 πἀνταγήρως
1315 1953 1616 1994 admittendum
1663 1952 1840 1995 credidit

285 2020 477 2061 Riemero
515 2021 809 2071 consentiente,
845 2021 984 2071 miror,
1031 2035 1125 2060 cum
1164 2021 1275 2061 notio
1315 2021 1447 2061 activa
1487 2021 1608 2061 huius
1648 2021 1837 2062 adieetivi

283 2095 454 2144 propter
485 2089 816 2130 terminationem
849 2090 889 2128 in
920 2105 971 2137 ως
1001 2088 1123 2128 statui
1153 2103 1234 2128 non
1257 2096 1392 2143 queat.
1431 2093 1731 2145 πανταγήρως,
1761 2089 1836 2129 nisi

284 2157 418 2209 fallor,
450 2157 552 2198 nihil
584 2156 696 2198 aliud
728 2163 863 2213 potest
892 2155 1140 2212 significare,
1173 2171 1297 2212 quam
1330 2157 1520 2198 omnibus
1551 2158 1737 2214 partibus
1769 2157 1834 2200 de·

285 2226 392 2277 bilis,
423 2241 506 2267 non
542 2233 693 2276 tamen,
735 2233 780 2266 ut
809 2225 1026 2265 Riemerus
1059 2224 1202 2276 voluit,
1242 2239 1455 2280 nunquam
1497 2240 1723 2268 senescens,
1790 2226 1837 2266 ln

284 2295 550 2337 Riemeriana
589 2294 931 2350 interpretatione
969 2293 1011 2334 id
1052 2308 1217 2348 quoque
1260 2292 1461 2349 displicet,
1511 2294 1621 2349 quod
1671 2295 1838 2337 omnino

285 2364 394 2406 vocis
426 2366 715 2419 πανταγήρως
744 2362 870 2419 ipsius
901 2376 982 2402 non
1004 2361 1177 2416 agnovit
1197 2361 1279 2402 vim
1307 2369 1347 2402 et
1368 2361 1675 2416 formationem3
1709 2379 1838 2415 „nun-

284 2449 409 2489 quam
441 2433 552 2474 enim
582 2437 823 2473 senescens“
858 2432 890 2471 si
919 2431 1080 2471 valeret
1107 2430 1209 2482 illud
1241 2431 1499 2483 vocabulum,
1538 2449 1691 2474 παντα
1722 2433 1837 2474 nullo

284 2501 408 2545 medo
440 2509 578 2558 posset
606 2501 698 2553 diei,
730 2507 1043 2557 exspectaretur
1072 2499 1207 2556 potius
1243 2499 1417 2540 affixum
1447 2501 1700 2555 negativum.
1761 2501 1838 2542 Er-

284 2571 460 2613 furdtius
502 2574 782 2627 παντογήρως
821 2568 1048 2624 legendum
1092 2583 1179 2610 esse
1229 2575 1377 2619 censet,
1425 2584 1548 2624 quam
1596 2585 1737 2610 vocem
1782 2570 1838 2610 ita

285 2640 506 2682 convertit:
550 2640 687 2680 omnia
726 2639 778 2680 ad
818 2638 978 2680 senium
1018 2637 1238 2678 adducens.
1300 2636 1418 2687 Quae
1457 2645 1594 2679 tamen
1636 2639 1838 2679 sententia

285 2708 429 2750 eodem
461 2707 547 2751 fere
575 2708 698 2750 modo
730 2707 897 2750 videtur
928 2705 1191 2758 diudieanda,
1222 2719 1303 2761 quo
1333 2719 1393 2757 ea,
1434 2705 1546 2747 cuius
1577 2707 1700 2748 modo
1732 2708 1838 2749 facta

286 2784 346 2817 est
377 2777 551 2829 menti03
583 2777 761 2818 activam
790 2776 900 2818 enim
933 2775 1143 2817 notionem
1177 2773 1436 2815 statuendam
1469 2789 1554 2817 csse
1585 2790 1666 2816 non
1700 2775 1838 2827 oredo,

287 2861 379 2886 cum
410 2861 493 2886 vox
519 2850 798 2901 παντογήρως
829 2860 882 2887 ex
913 2843 1116 2885 adiectivo
1149 2851 1190 2885 et
1217 2842 1474 2885 substantivo
1504 2845 1729 2900 composita
1757 2851 1837 2886 ter-

286 2913 510 2955 minatione
540 2913 729 2955 adiectivi
762 2928 845 2954 non
875 2912 1062 2970 apposita
1092 2918 1258 2963 statum,
1292 2925 1374 2952 non
1393 2911 1593 2953 actionem
1617 2911 1835 2967 significet.
