2086 3358
847 220 1101 260 -7-

197 347 378 405 tripedes
405 345 634 387 trochaicos
665 345 830 387 ordines
860 345 928 387 vel
965 346 1160 388 iambicos
1204 347 1460 389 catalecticos
1502 348 1745 404 frequentis-

196 417 297 458 sime
327 431 351 456 a
379 413 562 455 Pindaro
578 413 828 469 logaoedicis
851 414 1052 466 interseri,
1084 414 1217 456 rarius
1235 415 1513 472 quadripedes
1543 416 1627 459 ‹Ol.
1652 417 1744 470 1,5)

196 491 268 525 aut
297 483 368 539 qui
398 482 677 523 admiscentur
715 481 797 522 illis
838 488 909 522 aut
948 482 1018 537 qui
1061 482 1124 523 sui
1161 491 1257 524 sunt
1296 483 1406 526 iuris.
1467 484 1595 525 Arses
1633 484 1745 541 apud

195 552 370 594 aeolicos
399 556 541 607 poe'tas
571 549 739 591 dissolvi
769 565 852 592 non
883 550 1028 602 solent,
1057 550 1166 607 apud
1185 550 1412 593 Pindarum
1432 566 1743 609 saepenumero,

193 620 381 678 inprimis
411 619 453 660 in
487 618 671 661 versibus
700 618 884 660 iambicis
916 625 957 660 et
985 619 1202 660 trochaicis
1232 626 1304 661 aut
1327 620 1424 661 solis
1445 629 1517 662 aut
1533 621 1744 673 connexis,

196 691 236 732 in
269 688 482 744 dactylicis
513 694 656 729 contra
688 694 729 729 et
756 687 1024 743 anapaesticis
1054 687 1273 740 rarissime,
1303 696 1349 730 ut
1380 688 1459 746 Py.
1497 691 1560 743 11,
1594 690 1632 742 9,
1674 690 1743 731 ubi

196 773 338 800 versus
369 757 524 812 legitur
557 777 596 798 ψ’
615 790 648 802 υ
665 757 750 802 ξῖ,
767 790 801 802 ψ
817 790 851 802 ψ
877 791 1385 804 ----------
1432 757 1479 798 ln
1507 758 1650 799 baseos
1668 774 1742 799 usu

195 824 335 867 differt
363 830 485 882 poeta
510 825 562 866 ab
591 824 774 878 aeolicis3
807 825 849 866 hi
879 827 988 867 enim
1019 839 1110 866 eam
1141 840 1224 866 uon
1255 825 1332 866 nisi
1365 825 1544 881 dactylis
1571 841 1742 882 praepo-

194 901 300 934 nunt
329 894 384 933 ita
424 900 469 934 ut
508 908 671 934 omnem
713 893 866 948 pedum
907 893 1205 948 bisyllaborum
1243 895 1286 935 in
1325 895 1402 935 hac
1441 909 1486 935 re
1525 893 1746 936 admittant

194 962 450 1012 varietatem,
490 960 561 1002 ille
592 960 715 1002 etiam
746 961 875 1002 basim
908 968 1004 1003 ante
1036 961 1252 1004 trochaeos
1288 962 1413 1003 iambi
1452 968 1523 1002 aut
1560 961 1743 1003 trochaei

194 1031 368 1072 formam
400 1045 499 1085 prae
529 1045 572 1071 se
602 1031 801 1070 ferentem
833 1030 1006 1071 collocat
1023 1030 1143 1087 eique
1159 1030 1368 1072 interdum
1389 1030 1605 1070 anacrusin
1625 1044 1743 1085 prae-

195 1098 329 1152 mittit,
361 1113 441 1154 qua
472 1113 517 1140 re
546 1098 660 1140 initio
694 1113 835 1140 versus
864 1098 1073 1140 invenitur
1104 1098 1206 1141 ordo
1229 1097 1742 1156 iambicusVCXCU—v.

193 1167 316 1217 Quod
346 1174 490 1207 contra
519 1167 656 1207 iambo
688 1168 830 1208 baseos
860 1167 949 1208 vice
980 1167 1169 1222 fungenti
1200 1168 1241 1208 in
1273 1169 1529 1224 antistropha
1559 1169 1742 1209 iambum

193 1235 444 1292 respondere
473 1236 736 1292 exploratum
767 1244 840 1289 est,
871 1243 916 1277 ut
945 1236 1105 1277 iambus
1135 1243 1231 1279 ante
1260 1236 1448 1294 dactylos
1466 1246 1506 1279 et
1529 1237 1743 1279 trochaeos

194 1304 355 1345 duabus
386 1303 545 1344 arsibus
576 1304 899 1359 congruentibus
930 1304 996 1352 (cf.
1030 1303 1098 1346 Ol.
1133 1306 1168 1346 1.
1206 1306 1272 1348 11.
1304 1306 1372 1359 10)
1398 1312 1587 1361 ponatur.
1631 1304 1741 1345 Tum

192 1380 363 1425 constat,
403 1373 635 1428 complures
675 1372 840 1414 ordines
877 1372 1065 1414 diversae
1104 1373 1262 1415 formae
1299 1390 1322 1414 a
1360 1379 1482 1430 poe‘ta
1521 1372 1573 1414 ad
1612 1387 1742 1414 unum

190 1455 355 1482 versum
387 1440 677 1496 conglutinari.
724 1440 989 1496 Quamquam
1021 1441 1218 1482 trochaici
1240 1441 1305 1482 vel
1324 1441 1552 1497 logaoedici
1576 1440 1743 1482 ordines

190 1509 370 1551 minores
401 1524 454 1551 ex
483 1523 566 1550 uno
598 1523 771 1550 numero
812 1515 1014 1561 constant,
1054 1509 1235 1550 maxime
1277 1515 1416 1551 tamen
1458 1523 1510 1550 ex
1553 1509 1742 1565 pluribus

190 1586 286 1619 sunt
315 1578 528 1634 compositi
559 1593 635 1620 nec
664 1577 717 1620 de
746 1593 794 1620 eo
823 1577 976 1620 diutius
1006 1584 1141 1634 potest
1169 1577 1364 1630 dubitari,
1393 1592 1493 1620 num
1516 1578 1682 1620 ordines
1701 1577 1742 1618 in

193 1662 273 1688 uno
304 1661 426 1689 versu
457 1646 514 1688 ita
553 1646 846 1702 adiungantur,
887 1653 933 1688 ut
969 1646 1076 1689 alter
1114 1646 1194 1688 arsi
1229 1646 1416 1697 finiatur,
1454 1646 1559 1689 alter
1600 1647 1653 1687 ab
1695 1660 1744 1688 ea

190 1715 370 1773 incipiat,
411 1722 622 1757 extremus
652 1714 733 1756 arsi
762 1714 1045 1757 concludatur.
1108 1714 1300 1771 Denique
1336 1717 1426 1757 sine
1466 1715 1746 1757 controversia

191 1782 406 1838 probanda
436 1789 499 1825 est
534 1783 751 1835 sententia,
791 1798 873 1838 qua
914 1798 1107 1825 versuum
1147 1798 1346 1840 persaepe
1381 1784 1432 1824 ab
1471 1783 1660 1824 anacrusi
1698 1782 1747 1825 fit

190 1850 354 1893 initium
384 1857 509 1907 atque
538 1850 579 1892 id
610 1850 732 1893 etiam
773 1850 1096 1904 concedendum,
1139 1852 1191 1892 ab
1227 1851 1417 1892 anacrusi
1462 1851 1744 1908 incipientium

193 1920 278 1961 fere
307 1919 481 1960 eandem
509 1934 597 1960 esse
626 1920 900 1973 frequentiam
916 1935 1041 1974 quam
1059 1934 1214 1971 eorum,
1242 1920 1285 1960 in
1304 1920 1453 1975 quibus
1470 1920 1741 1962 desideratur.

195 1987 421 2030 Anacrusis
460 1987 569 2045 apud
609 1993 773 2044 poe‘tam
813 1994 1000 2029 nostrum
1045 1994 1106 2030 est
1146 1994 1217 2029 aut
1263 1987 1567 2044 monosyllaba,
1621 2000 1744 2043 saepe

192 2056 394 2113 producta
424 2057 490 2097 vel
521 2070 684 2112 anceps,
714 2063 785 2096 aut
814 2055 1022 2111 bisyllaba
1046 2056 1256 2111 anapaesti
1274 2056 1450 2097 formam
1468 2071 1591 2111 saepe
1607 2063 1738 2097 osten-

194 2125 318 2176 dens3
365 2124 489 2165 valde
530 2131 745 2166 extensam
790 2124 980 2166 constitui
1025 2138 1145 2180 posse
1192 2125 1382 2166 existimo
1426 2125 1468 2165 in
1519 2123 1588 2167 Ol.
1638 2122 1678 2175 5,
1716 2122 1742 2164 3

193 2214 341 2240 „vm
356 2228 606 2241 ψψψψψ
616 2224 625 2245 ,
659 2215 701 2237 -ν,
719 2229 745 2237 v
767 2224 823 2244 ..‚
856 2214 895 2236 -ν
918 2228 1178 2240 ψψψψψ
1180 2224 1190 2245 ,
1219 2200 1266 2235 ut
1292 2191 1454 2235 initium
1484 2206 1627 2235 versus
1658 2190 1750 2249 effi?

193 2263 325 2305 ciatur
363 2262 507 2305 ordine
548 2262 808 2320 anapaestico
845 2269 917 2303 aut
953 2262 1140 2312 iambico,
1178 2261 1221 2301 id
1261 2261 1371 2317 quod
1413 2260 1522 2317 apud
1568 2260 1744 2301 aeolicos

193 2346 398 2386 nusquam
431 2332 652 2375 invenitur.
713 2331 923 2388 Strophae
951 2330 1196 2372 Pindaricae
1226 2330 1392 2372 maioris
1422 2338 1518 2371 sunt
1556 2329 1736 2371 ambitus

194 2415 320 2456 quam
351 2399 541 2451 aeolicae,
572 2400 728 2443 maiore
757 2414 953 2442 versuum
983 2398 1241 2441 diversorum
1270 2398 1503 2461 frequentia
1532 2397 1583 2438 ad
1617 2411 1741 2437 unam

194 2468 407 2524 stropham
448 2469 707 2510 efficiendam
749 2483 936 2510 connexa
974 2468 1171 2524 ipsaeque
1215 2467 1348 2508 modis
1392 2467 1575 2507 maxime
1619 2466 1743 2506 variis

195 2544 291 2577 sunt
319 2536 581 2593 compositae.
