2086 3375
950 240 1233 284 —36—

310 376 478 424 πρῶτος
511 369 667 424 Ἀρίων
700 371 722 409 ὁ
755 372 1058 425 Μηθυμναοῖς,
1089 368 1193 411 εἶτα
1222 370 1365 422 Λάσος
1396 374 1419 412 ὁ
1452 370 1693 426 Ἑρμιονεύς
1724 367 1869 410 miror-

310 450 393 492 que
423 435 750 492 Bernhardyum
796 437 839 477 in
884 436 979 480 hist.
1024 437 1150 482 litter.
1192 452 1330 494 graec.
1375 438 1407 492 1,
1438 452 1532 496 pag.
1566 437 1650 480 328
1682 438 1760 479 hoc
1790 451 1867 494 pro

309 511 423 547 certo
463 504 667 549 statuisse.
728 504 861 548 Porro
902 505 990 564 ipse
1034 521 1173 549 secum
1212 514 1375 564 pugnat
1416 506 1732 564 Bernhardyus,
1774 520 1867 548 cum

311 574 436 631 paulo
465 574 574 615 infra
611 575 644 627 1,
670 575 751 617 331
785 575 1022 630 contendat,
1052 576 1105 619 de
1130 576 1291 619 Arione
1321 591 1396 619 nos
1426 576 1529 618 nihil
1560 576 1665 618 scire
1696 581 1868 631 excepto

310 642 423 699 quod
445 642 620 685 chorum
647 644 832 685 carmina
853 644 1153 702 antistrophica
1183 644 1291 686 circa
1304 644 1459 686 Bacchi
1489 660 1603 687 ara-m
1632 645 1748 686 iussit
1778 658 1871 685 can-

310 719 398 753 tare
427 711 655 768 composita
689 712 859 768 quidem
891 712 1068 755 dialecto
1100 712 1228 757 deria.
1275 712 1497 764 Quomodo
1526 713 1608 755 tale
1637 712 1737 768 quid
1759 712 1866 754 inter

309 795 354 822 se
395 785 522 836 queat
560 780 771 836 coniungi,
812 795 895 822 non
936 781 1057 823 video
1096 795 1174 822 nec
1215 780 1405 836 intelligo
1437 780 1534 836 quid
1567 774 1869 836 Bernhardyu's

308 847 386 889 sibi
424 847 615 890 voluerit.
686 848 862 890 Accedit
902 849 1014 905 quod
1055 849 1120 890 vir
1160 848 1304 891 doctus
1345 849 1518 890 chorum
1552 847 1866 891 Corinthiacum

310 916 393 958 iam
422 923 519 959 ante
535 916 705 959 Arionis
727 924 916 975 tempora
944 917 1249 975 quinquaginta
1280 918 1468 960 homines
1498 917 1692 959 habuisse
1721 917 1741 958 1
1772 933 1868 974 pag.

312 985 396 1027 328
437 985 592 1039 statuit,
634 1001 742 1042 quae
771 986 940 1043 quidem
972 986 1175 1029 sententia
1206 987 1320 1028 omni
1352 994 1465 1029 caret
1493 986 1764 1029 fundamento
1794 1001 1871 1028 noc

311 1054 664 1109 praetercundum
705 1062 767 1097 est
796 1055 907 1112 quod
940 1055 1120 1113 primum
1155 1055 1266 1109 dicit,
1295 1058 1455 1113 κώμους
1487 1055 1774 1098 Corinthiaeos
1805 1070 1870 1098 eo-

313 1138 493 1178 rumque
515 1125 662 1168 choros
682 1125 735 1166 ad
757 1132 911 1167 certam
941 1125 1117 1167 formam
1148 1124 1335 1167 nondum
1372 1139 1462 1166 esse
1491 1124 1691 1178 redactOS,
1721 1123 1871 1165 deinde

314 1196 441 1254 paulo
471 1194 579 1236 infra
631 1193 804 1236 chorum
847 1192 1162 1236 Corinthiacum
1205 1208 1257 1235 ex
1291 1193 1596 1249 quinquaginta
1635 1193 1870 1235 constitisse

316 1264 554 1307 hominibus
582 1263 671 1319 ipse
695 1261 773 1303 sibi
802 1276 996 1318 pugnans
1027 1261 1252 1304 contendit.

431 1332 516 1376 Sed
548 1338 594 1373 ut
624 1345 677 1373 ex
708 1330 841 1386 lyrica
870 1330 983 1386 poe’si
1008 1330 1204 1372 existeret
1226 1330 1455 1385 tragoedia,
1486 1330 1700 1386 dialogum
1715 1330 1872 1371 institui

313 1415 481 1444 necesse
519 1407 610 1443 erat
644 1405 686 1442 et
725 1398 777 1440 ad
819 1405 974 1440 certam
1020 1413 1308 1452 numerorum⁴
1330 1397 1616 1441 necessitatem
1647 1397 1864 1455 adstringi.

314 1471 415 1512 Tria
457 1470 679 1512 chororum
718 1483 887 1524 genera,
929 1470 1245 1523 διθυραμβικοί,
1286 1470 1496 1523 τραγικοί,
1535 1469 1764 1523 σατυρικοὶ
1818 1467 1870 1508 ad

316 1538 573 1594 tragoediam
613 1537 656 1579 in
687 1537 822 1579 lucem
866 1536 1071 1578 edendam
1110 1536 1363 1593 permultum
1396 1536 1669 1580 contulerunt.
1732 1535 1869 1586 Quam

315 1607 484 1663 quidem
529 1621 666 1648 meam
710 1604 958 1647 sententiam
1001 1604 1059 1646 ita
1102 1605 1236 1657 firmo,
1283 1611 1329 1646 ut
1374 1604 1554 1661 tragicos
1599 1611 1640 1647 et
1668 1604 1870 1661 satyricos

313 1676 463 1717 choros
488 1689 541 1717 ex
571 1673 888 1730 dithyrambicis
906 1687 1119 1715 emanasse
1149 1688 1277 1728 quum
1309 1673 1538 1728 statuerim,
1566 1674 1609 1715 in
1639 1673 1869 1730 dithyram-

314 1744 414 1786 bicis
435 1757 662 1799 earumque
691 1742 827 1799 specie
857 1741 1017 1798 tragica
1046 1741 1362 1784 fundamentum
1395 1742 1571 1799 positum
1604 1757 1692 1784 esse
1721 1749 1865 1799 putem

314 1814 535 1856 chororum
590 1811 845 1868 tragoediae,
893 1810 937 1852 in
983 1810 1163 1867 satyrica
1204 1810 1340 1867 specie
1380 1811 1630 1853 elementum
1672 1810 1869 1852 dramatis

312 1881 482 1938 satyrici
506 1880 709 1937 Aeschyli
740 1886 927 1937 tempore
956 1879 1191 1921 fabularum
1221 1879 1413 1936 trilogiae
1441 1879 1603 1924 adiecti.
1665 1879 1867 1923 Arionem

313 1950 423 1993 enim
475 1963 601 2006 quem
643 1948 794 1992 Suidas
841 1950 1016 2004 εὑρετὴν
1061 1955 1269 2004 τραγικοῦ
1314 1950 1483 2004 τρόπου
1532 1948 1716 2004 appellat
1760 1948 1786 1988 i.
1836 1963 1869 1989 e.

312 2018 453 2075 gravis
490 2017 601 2059 illius
632 2016 796 2059 dicendi
825 2016 994 2059 hiemali
1024 2023 1212 2074 tempore
1235 2016 1400 2073 generis
1431 2016 1585 2059 diversi
1616 2016 1785 2073 quidem
1816 2017 1867 2058 ab

314 2086 441 2128 alacri
482 2085 621 2128 vernis
665 2085 875 2127 mensibus
914 2091 1124 2137 consueto,
1155 2091 1317 2140 satyros
1348 2084 1401 2125 ad
1432 2085 1604 2126 chorum
1637 2084 1866 2141 dithyram-

313 2154 448 2196 bicum
490 2153 691 2196 adiecisse
728 2151 868 2206 tradit,
909 2160 954 2194 ut
992 2151 1247 2194 audientium
1285 2152 1443 2195 animos
1471 2153 1781 2210 magnificentia
1811 2153 1870 2195 di-

312 2223 632 2278 thyramborum
662 2228 871 2279 permotos
900 2221 953 2262 ad
984 2220 1308 2278 priscam—illam
1343 2222 1587 2264 rusticorum
1621 2222 1873 2264 hilaritatem

317 2297 590 2333 converteret.
625 2290 770 2347 Atque
802 2289 854 2331 ad
886 2290 994 2331 hanc
1024 2288 1191 2346 quidem
1223 2290 1563 2333 consuetudinem
1595 2291 1872 2334 Athenienses

314 2367 481 2417 postero
505 2366 694 2416 tempore
724 2373 769 2401 se
796 2358 1070 2415 applicarunt,
1103 2373 1195 2400 cum
1227 2358 1467 2415 tragoediae
1495 2359 1699 2401 adderent
1728 2359 1877 2402 drama

315 2428 557 2484 satyricum.
590 2427 637 2470 Si
668 2426 844 2484 respicio
862 2427 1019 2471 Athen.
1054 2427 1107 2467 14
1136 2443 1175 2483 p.
1208 2427 1292 2469 630
1323 2426 1385 2479 (3.,
1416 2427 1542 2484 Diog.
1573 2427 1713 2471 Laert.
1743 2429 1783 2480 3,
1804 2428 1873 2477 56,

314 2497 487 2539 Aristot.
520 2495 572 2538 de
617 2502 707 2538 arte
747 2500 855 2553 poe't.
893 2494 1025 2548 4,15‚
1060 2494 1261 2544 concludo
1308 2495 1578 2552 dithyrambo
1619 2495 1872 2552 Dionysiaco

315 2565 476 2606 fabulas
518 2579 746 2620 earumque
795 2563 1193 2620 repraesentationes
1236 2563 1420 2605 mimicas
1450 2579 1544 2605 cum
1587 2564 1874 2605 saltationibus

315 2647 404 2675 esse
445 2633 698 2686 intersertas,
739 2647 843 2689 quas
887 2638 1155 2690 praeccentor
1185 2631 1273 2675 sive
1301 2641 1536 2688 κορυφαῖος
1567 2648 1618 2675 ex
1649 2632 1872 2690 improviso

316 2702 587 2758 pronuntiare
616 2702 792 2746 solebat.

432 2769 573 2820 Quum
626 2770 853 2825 diligenter
908 2770 1252 2826 reputaverimuS‚
1299 2770 1415 2813 chori
1460 2770 1567 2824 duci,
1621 2770 1736 2813 cuius
1782 2771 1873 2814 vice

316 2837 560 2895 Thespidun
580 2837 715 2895 ipsum
735 2839 854 2894 fungi
871 2838 1039 2881 solitum
1070 2854 1159 2882 esse
1188 2840 1313 2895 paulo
1344 2840 1453 2880 infra
1478 2840 1696 2892 contendo,
1729 2841 1871 2896 plures

315 2907 508 2964 deinceps
536 2921 733 2963 personas
777 2907 901 2950 fuisse
945 2906 1143 2965 agendaS,
1187 2907 1420 2964 apparebit,
1465 2908 1669 2952 actionem
1718 2908 1872 2965 partim
