2086 3358
900 247 1182 292 -29-

265 375 404 419 miacis
432 376 619 420 versibus
646 376 843 420 iambicos
873 376 1096 435 praemitti,
1139 376 1374 420 coniectura
1415 391 1563 435 capere
1603 376 1727 422 liceat
1761 392 1814 421 ex

265 445 467 488 sententia
497 446 675 489 Seidleri
705 446 757 489 de
785 447 973 489 versibus
1005 446 1254 488 dochmiaeis
1282 462 1379 504 pag.
1409 447 1447 490 9.

376 530 416 557 v.
447 514 542 558 946.
584 515 722 556 Probo
738 513 960 557 Schmidtii
989 513 1237 556 sententiam
1266 514 1484 572 tripodiam
1511 513 1815 572 anapaesticam

264 582 493 634 statuentis,
517 582 758 639 praesertim
786 597 914 638 quum
932 582 1214 638 anapaesticus
1230 597 1427 625 numerus
1444 589 1529 625 tota
1547 583 1814 640 stropharum

263 649 403 692 indole
431 650 647 693 indicetur.

377 717 530 772 Agam.
569 718 690 761 1574.
751 717 1042 773 Stribliginem
1081 718 1295 758 metricam
1336 716 1502 758 admisit
1540 717 1812 770 Schmidtius3

265 799 393 840 quum
425 785 534 827 enim
561 785 724 841 syllaba
754 786 901 827 ultima
930 784 973 826 in
1002 799 1105 827 voce
1121 786 1383 841 Ἰφιγένειαν
1411 784 1465 825 sit
1495 785 1645 837 brevis,
1675 786 1815 827 existit

263 852 423 899 iambus
452 868 529 910 pro
557 852 741 910 spondeo
770 853 812 894 in
843 851 1103 910 anapaestico
1143 859 1276 896 metro
1313 852 1484 895 minime
1521 853 1813 905 admittendus,

264 921 376 976 quod
407 937 489 962 una
519 922 715 978 temporis
744 937 861 962 mora
890 928 951 963 est
987 922 1259 978 praefractior
1299 936 1425 978 quam
1462 929 1638 978 oportet.
1702 923 1813 965 Scri-

263 990 445 1032 bendum
475 990 604 1046 igitur
633 990 721 1032 sine
751 990 876 1032 dubio
905 996 967 1032 est
997 1004 1089 1031 cum
1108 990 1353 1032 Hermanno
1382 992 1683 1040 πολυκλαύτης
1707 992 1814 1045 Ἰφι-

262 1060 440 1114 γενείας,
470 1060 581 1100 ἀλλ’.
648 1088 651 1093 -

375 1126 529 1181 Agam.
560 1126 682 1168 1561.
743 1124 840 1167 Non
869 1125 1177 1167 assentiendum
1207 1131 1270 1168 est
1297 1125 1529 1168 Schmidtio
1560 1129 1680 1169 τόνδ’
1712 1129 1814 1168 ἀπε-

262 1194 425 1235 τίσατο
455 1193 662 1246 scribenti,
705 1207 800 1237 cum
828 1193 1008 1250 postulet
1037 1200 1214 1236 metrum
1243 1195 1364 1237 τόνδ’
1396 1195 1618 1236 ἀπέτισεν.
1681 1194 1812 1236 Paen-

262 1262 430 1304 ultimus
462 1261 573 1304 enim
604 1262 867 1319 stropharum
907 1262 1259 1320 anapaesticarum
1297 1277 1442 1305 versus
1481 1262 1538 1304 ita
1576 1263 1681 1306 solet
1725 1278 1813 1306 esse

262 1330 521 1380 constitutus,
548 1337 595 1372 ut
622 1331 700 1373 hoc
729 1338 910 1372 metrum
940 1331 1132 1373 ostendat

373 1432 645 1446 —————
678 1405 749 1440 aut
778 1430 1104 1451 vv—v„—‚
1134 1414 1220 1441 non
1247 1431 1571 1446 „vv—„w

374 1466 525 1522 Agam.
561 1465 681 1508 1568.
744 1466 1000 1508 Schmidtius
1032 1473 1144 1509 recte
1174 1466 1280 1508 vidit
1307 1467 1561 1509 reiciendum
1593 1480 1682 1508 esse
1710 1465 1811 1506 iam-

260 1533 358 1574 bum
400 1534 443 1574 in
480 1548 654 1575 numero
691 1534 962 1591 anapaestico,
1038 1534 1285 1577 Ceterorum
1323 1534 1558 1576 criticorum
1607 1533 1811 1576 sententia

260 1590 459 1645 ἐκπνέων
488 1601 764 1643 scribentium*
785 1616 870 1643 non
899 1602 955 1643 ita
986 1601 1166 1643 absurda
1194 1608 1268 1655 est,
1297 1602 1330 1643 si
1349 1605 1488 1645 πνέων
1508 1616 1584 1658 per
1602 1601 1809 1658 synizesin

258 1669 448 1725 legimus,
486 1669 542 1711 ita
581 1677 626 1711 ut
662 1669 815 1717 existat>
851 1669 1035 1713 trimeter
1075 1664 1358 1726 anapaesticus
1400 1669 1808 1727 hypercatalecticus.

374 1737 560 1794 Choeph.
592 1738 656 1779 41.
705 1738 962 1782 Schmidtius
993 1753 1085 1781 cum
1116 1742 1233 1794 βρύει
1260 1739 1632 1796 χρονίζοντ’ἀ’χεα
1648 1739 1812 1790 scribat,

260 1813 446 1848 extremo
474 1821 617 1848 versus
647 1804 974 1863 loco'syllabam
1005 1808 1176 1849 brevem
1206 1808 1429 1860 constituit,
1457 1807 1546 1848 sine
1580 1807 1705 1848 dubio
1737 1809 1815 1848 rei-

259 1873 459 1926 ciendam,
491 1888 582 1915 cum
613 1881 745 1916 metro
774 1875 1008 1931 postuletur
1035 1875 1312 1919 choriambus,
1373 1875 1522 1918 Scribo
1551 1875 1680 1930 igitur
1719 1890 1814 1916 cum

258 1940 503 1982 Hermanno
534 1943 689 1998 ἀτυχῆ.
749 1942 926 1984 Accedit
957 1942 1069 1999 quod
1098 1949 1144 1984 ut
1172 1942 1216 1984 in
1253 1948 1386 1984 metro
1423 1941 1703 1984 choriambico
1742 1957 1812 1984 ex-

259 2015 392 2051 trema
421 2009 584 2064 syllaba
614 2009 817 2065 producta
846 2000 899 2051 sit
927 2025 1072 2052 versus
1101 2011 1264 2052 indoles
1295 2010 1492 2066 postulat.

372 2075 560 2134 Choeph.
595 2077 660 2121 75.
720 2075 944 2120 Probanda
975 2086 1038 2121 est
1063 2077 1286 2122 Schmidtii
1315 2092 1511 2121 mensura
1550 2092 1692 2120 versus
1736 2076 1810 2129 783

258 2160 353 2186 cum
378 2145 484 2187 enim
518 2146 722 2188 intericiat
751 2146 971 2197 articulum
1000 2149 1075 2197 τὰ,
1113 2147 1292 2190 restituit
1329 2146 1550 2189 iambicum
1590 2160 1811 2187 numerum

259 2229 382 2269 quem
413 2214 543 2255 critici
571 2229 656 2256 non
686 2214 861 2256 assecuti
890 2222 998 2258 sunt.

367 2281 554 2338 Choeph.
588 2282 654 2325 78.
712 2281 893 2325 Metrum
924 2286 1136 2339 πρέποντ’
1180 2286 1377 2339 ἀρχετᾶν
1414 2283 1492 2338 βίᾳ
1521 2297 1545 2323 a
1578 2281 1810 2324 Schmidtio

257 2351 464 2406 prolatum
489 2350 591 2390 mihi
619 2350 785 2403 arridet,
819 2351 931 2409 quod
961 2358 1072 2393 recte
1101 2351 1357 2393 trochaicum
1386 2364 1605 2392 numerum
1638 2350 1810 2406 agnovit

256 2419 320 2460 vir
350 2418 606 2461 doctissimus
633 2418 810 2460 iambico
840 2426 1154 2475 congruentem.
1205 2418 1284 2461 Cui
1314 2434 1431 2461 meae
1454 2419 1683 2461 sententiae
1698 2418 1809 2459 favet

257 2487 380 2530 etiam
418 2486 521 2528 illud
560 2486 671 2542 quod
709 2486 753 2527 in
792 2486 982 2529 versibus
1021 2486 1363 2543 praecedentibus
1402 2487 1672 2529 iambicorum
1713 2500 1807 2527 cum

256 2555 473 2598 trochaicis
513 2554 727 2597 ordinibus
763 2554 812 2597 fit
851 2556 1077 2599 concursio.
1138 2555 1390 2612 Respuenda
1430 2556 1561 2612 igitur
1599 2561 1662 2596 est
1700 2553 1807 2596 Her-

256 2624 399 2667 manni
428 2623 577 2681 opinio,
619 2623 850 2666 trimetrum
881 2624 1103 2667 iambicum
1134 2626 1282 2666 δίκαια
1311 2625 1383 2666 καὶ
1414 2626 1467 2680 μὴ
1499 2625 1612 2680 ’μαῑς
1642 2623 1806 2678 πρέπον

257 2696 411 2749 τύχαις
444 2692 540 2748 βίου
568 2692 786 2734 statuentis
817 2693 915 2748 quia
955 2692 1157 2735 eiusmodi
1199 2691 1301 2733 ordo
1342 2691 1539 2748 peculiari
1582 2691 1705 2732 modo
1747 2699 1808 2731 est

255 2761 416 2803 effictus
445 2775 522 2802 ncc
549 2762 742 2815 congruit
772 2775 866 2802 cum
895 2760 1039 2802 formis
1069 2775 1172 2816 quas
1201 2759 1324 2803 modo
1353 2759 1560 2817 descripsi.

367 2828 554 2886 Choeph.
588 2828 653 2870 83.
712 2828 851 2871 Probo
881 2829 1024 2872 eadem
1066 2829 1118 2872 de
1158 2843 1279 2871 causa
1321 2829 1554 2886 opinionem
1586 2828 1807 2872 Schmidtii

253 2896 325 2953 qui
355 2912 522 2940 versum
553 2903 704 2953 τύχας,
751 2901 943 2954 κρυφίοις
983 2901 1192 2940 πένθεσιν
1231 2900 1508 2954 παχνουμένη
1549 2898 1682 2951 affert,
1725 2914 1807 2941 non
