2086 3375
959 254 1242 298 ...18-....

324 384 474 443 poetici
503 384 653 427 nitovis
683 384 817 427 inesse
853 384 951 426 satis
989 384 1254 441 exploratum
1292 391 1368 439 est,
1406 384 1601 427 orationis
1639 383 1762 427 elatio
1803 381 1878 424 mi—

325 460 484 509 gratur.
529 453 614 496 Sed
645 460 739 494 utut
769 467 834 494 res
864 467 954 494 sese
986 453 1122 502 habet,
1154 452 1390 494 laudandur
1411 460 1473 494 est
1488 453 1744 495 Schmidtius
1766 450 1877 506 quod

325 522 448 562 metri
487 521 770 576 integritatem
810 521 1027 562 restituere
1064 528 1234 562 conatus
1278 527 1350 562 est.
1419 520 1591 563 Ceteras
1633 519 1879 561 mutationes

325 589 583 632 Schmidtius
612 596 673 631 tot
708 596 878 645 tamque
917 587 1142 646 probandis
1184 587 1384 630 stabilivit
1422 588 1692 645 argumentis,
1731 593 1783 649 ut·
1814 599 1879 628 res

325 658 602 714 disputatione
632 673 716 699 non
747 664 882 713 egeat.
927 656 1051 707 Quod
1085 665 1223 699 tamen
1252 656 1387 713 primo
1418 657 1509 699 loco
1540 656 1592 699 de
1620 655 1880 712 correptione

325 725 514 782 syllabae
546 726 699 780 longae
730 726 771 766 in
799 725 984 767 clausula
1014 725 1172 782 positae
1209 732 1409 781 sequente
1426 715 1599 777 ἢνοοελί,
1636 723 1787 767 deinde
1827 723 1879 763 ab

324 794 510 836 oratione
540 794 751 849 digressus
784 794 890 834 hane
918 808 1007 835 rem
1036 793 1087 833 ad
1121 794 1232 835 vocis
1262 795 1317 834 δι’
1347 793 1532 836 indolem
1571 791 1880 850 depingendam

326 862 509 913 adhibet,
539 862 741 917 vitupero.
804 861 967 903 Deinde
998 861 1127 902 miror
1162 861 1442 903 Schmidtium
1470 876 1637 903 versum
1666 860 1773 916 ὤμοι
1809 876 1882 915 μοι

326 930 480 972 κοίταν
510 929 638 971 τάνδ’
670 930 973 985 ἀνελεύθερον,
1004 928 1136 984 δολίῳ
1165 945 1216 970 τε
1245 931 1355 985 μόρῳ
1386 930 1532 984 δαμείς
1560 928 1618 970 ita
1648 942 1736 970 esse
1765 941 1879 969 men-

327 1012 431 1049 sum,
462 1004 508 1038 ut
536 996 717 1052 priorem
749 996 836 1038 eius
867 1004 1027 1052 partem
1063 996 1176 1038 brevi
1207 996 1371 1052 syllaba
1400 1013 1451 1038 τε
1483 995 1664 1047 definiat,
1694 995 1736 1036 id
1768 993 1879 1050 quod

328 1079 421 1107 moa
452 1065 621 1120 quidem
661 1064 866 1106 sententia
906 1079 998 1105 cum
1040 1064 1203 1120 legibus
1245 1064 1434 1121 rhythmi
1472 1071 1648 1121 pugnat.
1708 1061 1884 1104 Accedit

328 1132 440 1188 quod
472 1132 668 1175 numerus
700 1133 778 1175 hoe
808 1132 932 1174 modo
962 1133 1086 1189 plane
1106 1132 1277 1175 tollitur.
1321 1132 1527 1188 Equidem
1548 1131 1684 1185 credo,
1714 1145 1880 1173 versum

327 1201 383 1242 ita
422 1215 543 1256 posse
585 1201 725 1256 accipi,
766 1208 809 1242 ut
848 1201 1050 1242 habeatur
1089 1200 1337 1256 compositus
1371 1226 1419 1231 --
1441 1225 1493 1231 --
1514 1226 1566 1232 —
1585 1225 1638 1231 -
1656 1225 1711 1231 -——
1728 1225 1781 1230 —-
1799 1234 1834 1246 „a
1852 1234 1884 1245 ,κ

330 1294 379 1299 —
399 1293 503 1321 vv-
535 1283 587 1310 ex
619 1268 798 1309 molosso
827 1267 880 1308 ad
918 1269 977 1310 rei
1016 1268 1266 1323 gravitatem
1308 1267 1618 1323 depingendam
1658 1274 1699 1310 et
1741 1268 1792 1308 ad
1836 1282 1884 1309 ea

326 1351 434 1391 quae
464 1343 697 1390 sequuntur
718 1336 823 1377 bene
843 1335 1131 1391 praeparanda
1151 1336 1240 1378 sine
1261 1335 1386 1378 dubio
1408 1335 1631 1392 aptissimo,
1662 1335 1884 1392 glyconeo‚

326 1403 471 1445 ordine
513 1403 775 1460 anapaestico
824 1429 868 1433 —
912 1403 1166 1459 logaoedico.
1236 1404 1379 1458 Atque
1423 1403 1520 1444 huie
1562 1403 1730 1459 quidem
1767 1417 1885 1445 meae

325 1472 554 1514 sententiae
597 1471 967 1513 commendationis
1008 1471 1204 1514 accedere
1244 1471 1456 1512 cumulum
1501 1471 1724 1527 quendam,
1772 1470 1884 1526 quod

328 1541 543 1595 μεταβολὴ
575 1540 754 1594 ’ρυθμοῦ
785 1539 837 1579 ad
868 1540 1101 1581 animorum
1132 1540 1472 1581 concitandorum
1497 1539 1719 1582 sententias
1739 1539 1884 1581 adum·

329 1606 522 1658 bmndas,
553 1605 630 1647 nisi
661 1606 797 1657 fallor,
829 1606 942 1647 haud
972 1607 1113 1664 inepta
1144 1607 1221 1649 hoc
1251 1608 1342 1649 loco
1371 1614 1545 1664 apparet
1573 1607 1624 1648 cf.
1654 1605 1760 1649 Mar.
1789 1606 1885 1657 Vie-

328 1676 450 1718 torin.
481 1691 518 1731 p.
553 1675 678 1727 2539,
709 1690 803 1715 cum
833 1675 1022 1717 ordinem
1053 1676 1315 1732 anapaestico
1346 1701 1400 1707 -
1432 1675 1721 1732 logaoedicum
1745 1675 1885 1717 subse—

328 1751 482 1800 quatur
523 1742 752 1799 dactylicus
793 1743 1003 1799 ipsiusque
1032 1743 1253 1786 Schmidtii
1290 1759 1528 1786 mensuram
1568 1758 1712 1786 versus
1741 1744 1816 1794 Τίς
1846 1745 1885 1783 δ’

329 1813 578 1867 ἐπιτύμβιος
607 1812 728 1861 αἶνος
758 1812 823 1852 ἐπ’
853 1813 979 1866 ἀνδρὶ
1009 1813 1112 1867 θείῳ
1129 1814 1204 1862 ξὺν
1221 1814 1416 1868 δακρύοις
1437 1816 1598 1870 ἰακχῶν
1618 1812 1887 1870 comprobare

331 1879 532 1920 videatur.
593 1879 673 1921 Oui
705 1894 821 1921 meae
850 1879 1078 1921 sententiae
1106 1880 1196 1935 ipse
1223 1880 1479 1923 Schmidtius
1511 1880 1633 1923 tacite
1662 1881 1798 1922 facere
1825 1880 1885 1920 vi-

330 1947 453 1991 detur
482 1963 578 2005 pag.
610 1948 675 1991 77.
721 1946 962 1990 Clausulam
985 1948 1220 2005 systematis
1242 1948 1299 1990 ita
1321 1955 1600 2007 comparatam
1619 1963 1708 1992 esse
1730 1948 1886 2004 absque

330 2017 456 2057 dubio
486 2022 660 2068 constat,
693 2023 738 2056 ut
768 2031 1037 2057 numerorum
1061 2017 1195 2057 forma
1217 2017 1278 2058 rei
1293 2017 1603 2073 magnificentia
1621 2017 1884 2073 depingatur.

331 2085 537 2125 Trochaei
568 2084 678 2125 enim
708 2085 842 2139 primo
874 2092 914 2125 et
945 2085 1075 2125 altero
1105 2086 1196 2126 loco
1226 2085 1348 2140 positi
1379 2085 1638 2127 irrationales
1679 2092 1776 2126 sunt
1813 2084 1884 2125 ha-

333 2151 456 2194 bendi
486 2141 542 2192 ita
582 2157 625 2192 ut
666 2150 785 2193 facile
821 2150 1047 2193 similitudo
1081 2166 1174 2193 cum
1213 2152 1479 2208 sequentibus
1517 2151 1721 2194 trochaeis
1762 2157 1887 2209 queat

330 2220 587 2275 investigari,
616 2219 657 2260 id
692 2219 803 2274 quod
824 2219 1080 2262 Schmidtius
1113 2221 1338 2262 rectissime
1357 2220 1576 2263 intellexit.
1617 2220 1886 2262 Hermannus

330 2303 568 2330 mensuram
600 2302 744 2329 Versus
779 2295 876 2343 φεῦ,
910 2290 976 2338 τίς
1006 2287 1063 2330 ἂν
1094 2292 1137 2330 ἐν
1164 2291 1312 2344 τάχει,
1341 2291 1394 2343 μὴ
1425 2290 1682 2344 περιώδυνος
1721 2293 1885 2329 secutus

331 2372 425 2398 eum
456 2356 682 2399 dimetrum
714 2356 1002 2398 doehmiaeum
1034 2357 1322 2410 constituisset,
1363 2357 1441 2398 hac
1480 2356 1625 2398 eadem
1655 2356 1813 2398 ratione
1844 2355 1885 2396 in

333 2425 465 2467 altero
496 2424 675 2481 syzygio
702 2424 890 2467 ordinem
921 2428 1091 2480 δαῖμον,
1125 2425 1168 2475 ὃς
1196 2427 1432 2480 ἐμπίτνεις
1462 2427 1627 2481 δώμασι
1647 2427 1719 2466 καὶ
1740 2424 1884 2480 διφυί-

332 2511 421 2534 οισι
450 2493 803 2535 Τανταλίδαισιν
834 2493 970 2534 metiri
1002 2500 1166 2534 coactus
1207 2500 1308 2534 erat.
1368 2493 1419 2533 In
1461 2508 1543 2548 quo
1581 2508 1674 2536 mea
1717 2493 1884 2549 quidem

331 2561 535 2603 sententia
564 2560 792 2603 rectissime
822 2560 1020 2602 iudicavit
1051 2561 1114 2602 vir
1145 2560 1417 2613 doctissimus,
1448 2575 1543 2603 cum
1573 2560 1761 2604 ordinem
1786 2561 1886 2618 phe-

330 2637 564 2672 recrateum
596 2628 839 2670 doehmiaeo
871 2629 1088 2670 admisceri
1119 2629 1253 2669 solere
1285 2644 1368 2670 non
1399 2629 1565 2670 credam
1588 2644 1725 2685 neque
1747 2644 1886 2672 exem·

332 2699 448 2755 plum
480 2698 565 2739 eius
595 2697 762 2752 generis
794 2697 848 2738 ad
891 2712 1026 2739 meam
1066 2697 1297 2753 pervererit
1335 2697 1627 2753 cognitionem.
1689 2698 1886 2742 Ceterum

332 2765 574 2822 logaoediea
604 2779 800 2808 mensura
820 2756 953 2822 =quam
970 2764 1227 2809 Schmidtius
1246 2764 1378 2806 tribus
1394 2765 1507 2820 loeis,
1536 2766 1579 2808 in
1599 2781 1722 2810 versu
1738 2767 1887 2825 primo,

333 2836 467 2887 tertio,
510 2842 627 2876 sexto
658 2834 792 2877 inesse
822 2842 975 2887 censet,
1020 2834 1121 2875 mihi
1151 2849 1234 2875 non
1265 2834 1433 2895 arridet,
1471 2850 1563 2878 eum
1604 2836 1816 2879 doehmios
1843 2836 1887 2877 in

332 2911 521 2946 extrema
548 2902 859 2959 tragoediarum
890 2911 1008 2960 parte
1026 2902 1310 2946 usitatissimos
1333 2918 1421 2947 esse
1439 2903 1547 2948 inter
1565 2920 1708 2949 omnes
1729 2911 1889 2949 constet
