2086 3375
932 240 1216 288 -24-

291 364 609 422 descriptionem
640 380 723 408 non
753 365 944 408 videatur
972 364 1219 422 appositum.
1280 365 1386 407 Puto
1415 365 1544 421 igitur
1580 366 1843 408 scribendum

292 448 381 476 esse
411 435 636 490 βαρίδεσσι
666 434 882 484 ποντίαις,
922 440 968 475 ut
996 433 1193 490 legerunt
1220 433 1488 476 Hermannus
1520 441 1560 476 et
1589 433 1845 477 Dindorfius.

292 502 416 544 Hanc
445 502 690 544 sententiam
723 508 886 545 secutus
908 502 1105 558 Engerus
1135 502 1272 544 locum
1313 509 1433 545 antea
1475 509 1748 544 memoratum
1788 502 1845 544 ita

292 570 486 623 correxit,
525 576 573 611 ut
602 569 802 612 scriberet
832 570 925 613 αἵτ’
958 571 1133 614 Ἰαόνων
1161 571 1299 626 χέρες;
1339 585 1421 612 non
1452 577 1590 612 tamen
1621 570 1744 613 credo
1775 570 1844 612 ad-

290 637 537 684 mittendam
568 651 657 681 esse
685 637 905 681 lectionem
947 646 1032 681 tam
1073 639 1264 681 ieiunam.
1326 638 1521 681 Ceterum
1561 639 1649 682 sine
1685 647 1845 683 contro-

292 707 427 748 versia
454 707 544 762 ipse
573 706 651 747 sibi
680 714 842 762 pugnat
880 712 1015 762 poeta,
1047 721 1140 747 cum
1177 713 1299 747 antea
1340 707 1601 749 coniunctiva
1642 708 1846 764 particula

292 774 484 821 Xerxem
515 780 557 816 et
585 788 726 825 naves,
769 774 837 815 hic
865 774 1011 818 eodem
1041 774 1165 819 modo
1196 789 1322 815 naves
1352 781 1393 816 et
1430 790 1578 816 manus
1609 776 1847 830 coniungat.

294 842 544 886 Coniectura
574 842 665 885 διαὶ
696 843 737 884 τ’
769 843 947 887 Ἰαόνων
976 843 1098 899 γέρας
1129 841 1180 884 ab
1212 840 1498 885 Heimsoethio
1539 843 1700 898 prolata
1744 844 1846 885 mihi

293 927 378 953 non
409 911 577 963 arridet,
610 925 704 951 cum
735 911 856 952 metri
885 911 1002 966 leges
1032 910 1252 963 violentur,
1289 910 1401 966 quod
1431 910 1503 951 uni
1534 910 1722 967 syllabae
1751 926 1848 969 pro-

294 980 443 1023 ductae
472 979 506 1022 si
545 979 851 1022 accuratissime
888 982 1021 1023 metra
1061 979 1139 1021 sibi
1183 979 1475 1036 respondeant,
1515 979 1621 1022 duae
1658 980 1847 1036 syllabae

293 1055 510 1109 correptae
539 1063 622 1091 non
663 1055 801 1091 tamen
841 1048 1003 1090 iambus
1040 1063 1092 1090 ex
1133 1047 1297 1105 syllaba
1337 1055 1524 1106 correpta
1566 1056 1607 1091 et
1644 1049 1847 1106 producta

292 1118 494 1160 conflatus
534 1117 751 1158 concinere
793 1123 939 1173 potest.
999 1116 1082 1158 Per
1109 1131 1153 1158 se
1194 1118 1285 1158 διαὶ
1325 1117 1377 1158 ab
1406 1116 1610 1175 Aeschyli
1639 1118 1846 1160 scribendi

293 1185 591 1229 consuetudine
620 1185 791 1227 minime
828 1186 1037 1238 abhorret,
1077 1200 1171 1227 cum
1211 1185 1450 1227 inveniatur
1491 1186 1533 1226 in
1566 1187 1719 1241 Agam.
1748 1187 1845 1229 448.

406 1254 601 1309 Engerus
630 1253 673 1294 in
692 1252 912 1309 Philologe
928 1253 1017 1294 ΧΠ
1050 1269 1090 1310 p.
1121 1253 1204 1295 376
1232 1254 1446 1311 stropham
1476 1261 1518 1295 et
1546 1254 1845 1312 antistropham

292 1324 350 1365 ita
381 1322 608 1371 constituit:

409 1393 480 1434 τοὶ
511 1391 639 1447 δ’ἄρα
670 1390 944 1447 πρωτόμοροι
974 1391 1037 1439 δὴ,

411 1467 511 1516 φεῦ,

409 1530 668 1583 λειφθέντες
700 1528 803 1583 πρὸς
833 1529 1045 1584 ἀνάγκαν,

410 1600 467 1646 ἦέ,

409 1665 548 1714 ἀκτὰς
578 1665 694 1720 ἀμφὶ
723 1663 935 1720 Κεχρείας

411 1733 480 1782 ὀὰ,
511 1733 639 1775 στένε
667 1748 740 1773 και
769 1733 910 1773 δακνά
947 1756 986 1761 -—

410 1803 485 1853 ζου
514 1801 623 1855 βαρὺ
653 1800 917 1855 δ’άμβόασον

408 1868 570 1923 οὐρὰνι’
602 1867 699 1924 ἄχη,
729 1868 795 1909 ὀά.

410 1944 527 1978 τεῖνε
556 1937 603 1977 δὲ
632 1936 909 1992 δυσβάῢκτον

410 2009 565 2061 βοᾶτιν
595 2006 817 2048 τάλαιναν
847 2007 1014 2048 αυ’δάν.

295 2076 486 2131 ἀντισῑρ.
555 2074 853 2131 γναπτόμενοι
883 2076 920 2116 δ’
950 2076 1025 2117 ἁλὶ
1057 2075 1192 2124 δεινὰ,

551 2151 650 2199 φεῦ,

552 2214 822 2256 σκύλλονται
853 2214 962 2269 πρὸς
992 2216 1205 2264 ἀναύδων,

554 2281 612 2330 ἠέ,

551 2351 722 2391 παίδων
752 2356 833 2399 τοῖς
863 2350 1095 2404 ἀμιάντου.

551 2421 712 2468 πενθεῖ
743 2418 787 2458 δὲ
816 2418 942 2472 δόμος
972 2433 1106 2473 στερη
1143 2442 1185 2448 —-

550 2487 642 2535 θεὶς
672 2486 813 2534 τοκέες
843 2486 886 2527 τ’
916 2485 1097 2535 ἄπαιδες

550 2553 732 2609 δαιμόνι’
764 2552 864 2610 ἄχη.
894 2555 959 2595 ὀά,

551 2623 757 2678 δυρόμεθ’
789 2625 830 2662 οἱ
860 2623 1056 2677 γέροντες

556 2690 610 2732 τὸ
640 2696 730 2732 πᾶν
760 2690 808 2740 δὴ
838 2691 1042 2741 κλύοντες
1073 2689 1216 2746 ἄλγος.

411 2758 678 2801 Hcrmannus
698 2759 740 2800 in
761 2758 1095 2801 adnotationibus
1113 2759 1165 2800 ad
1183 2759 1294 2801 hunc
1316 2759 1453 2801 locum
1476 2775 1520 2802 se
1546 2775 1629 2803 non
1658 2760 1849 2808 dubitare

295 2827 406 2881 dicit,
441 2828 646 2884 ἔρρανται
678 2828 744 2869 hic
786 2829 1002 2881 collocare,
1049 2829 1239 2884 quamvis
1278 2829 1320 2869 in
1364 2829 1478 2869 libris
1518 2831 1561 2882 in
1601 2845 1721 2872 versu
1763 2829 1848 2872 582

293 2896 533 2940 inveniatur
562 2895 924 2954 coniecturamque
961 2896 1091 2955 ipsam
1129 2897 1315 2940 defendit
1348 2897 1390 2939 in
1432 2897 1527 2939 diss.
1572 2897 1625 2941 de
1663 2898 1848 2941 versibus
